<?xml version="1.0" encoding="utf-8" ?>
<gnc-v2
     xmlns:gnc="http://www.gnucash.org/XML/gnc"
     xmlns:act="http://www.gnucash.org/XML/act"
     xmlns:book="http://www.gnucash.org/XML/book"
     xmlns:cd="http://www.gnucash.org/XML/cd"
     xmlns:cmdty="http://www.gnucash.org/XML/cmdty"
     xmlns:price="http://www.gnucash.org/XML/price"
     xmlns:slot="http://www.gnucash.org/XML/slot"
     xmlns:split="http://www.gnucash.org/XML/split"
     xmlns:sx="http://www.gnucash.org/XML/sx"
     xmlns:trn="http://www.gnucash.org/XML/trn"
     xmlns:ts="http://www.gnucash.org/XML/ts"
     xmlns:fs="http://www.gnucash.org/XML/fs"
     xmlns:bgt="http://www.gnucash.org/XML/bgt"
     xmlns:recurrence="http://www.gnucash.org/XML/recurrence"
     xmlns:lot="http://www.gnucash.org/XML/lot"
     xmlns:addr="http://www.gnucash.org/XML/addr"
     xmlns:billterm="http://www.gnucash.org/XML/billterm"
     xmlns:bt-days="http://www.gnucash.org/XML/bt-days"
     xmlns:bt-prox="http://www.gnucash.org/XML/bt-prox"
     xmlns:cust="http://www.gnucash.org/XML/cust"
     xmlns:employee="http://www.gnucash.org/XML/employee"
     xmlns:entry="http://www.gnucash.org/XML/entry"
     xmlns:invoice="http://www.gnucash.org/XML/invoice"
     xmlns:job="http://www.gnucash.org/XML/job"
     xmlns:order="http://www.gnucash.org/XML/order"
     xmlns:owner="http://www.gnucash.org/XML/owner"
     xmlns:taxtable="http://www.gnucash.org/XML/taxtable"
     xmlns:tte="http://www.gnucash.org/XML/tte"
     xmlns:vendor="http://www.gnucash.org/XML/vendor">
<gnc:count-data cd:type="book">1</gnc:count-data>
<gnc:book version="2.0.0">
<book:id type="guid">e883d542f9d4428bb0bfea0e822bd2ab</book:id>
<book:slots>
  <slot>
    <slot:key>counter_formats</slot:key>
    <slot:value type="frame"/>
  </slot>
  <slot>
    <slot:key>options</slot:key>
    <slot:value type="frame">
      <slot>
        <slot:key>Budgeting</slot:key>
        <slot:value type="frame"/>
      </slot>
    </slot:value>
  </slot>
</book:slots>
<gnc:count-data cd:type="commodity">1</gnc:count-data>
<gnc:count-data cd:type="account">135</gnc:count-data>
<gnc:count-data cd:type="transaction">36</gnc:count-data>
<gnc:commodity version="2.0.0">
  <cmdty:space>CURRENCY</cmdty:space>
  <cmdty:id>BRL</cmdty:id>
  <cmdty:get_quotes/>
  <cmdty:quote_source>currency</cmdty:quote_source>
  <cmdty:quote_tz/>
</gnc:commodity>
<gnc:commodity version="2.0.0">
  <cmdty:space>template</cmdty:space>
  <cmdty:id>template</cmdty:id>
  <cmdty:name>template</cmdty:name>
  <cmdty:xcode>template</cmdty:xcode>
  <cmdty:fraction>1</cmdty:fraction>
</gnc:commodity>
<gnc:account version="2.0.0">
  <act:name>Root Account</act:name>
  <act:id type="guid">f0dce4278cba9ec5835b973fb20ee567</act:id>
  <act:type>ROOT</act:type>
</gnc:account>
<gnc:account version="2.0.0">
  <act:name>Assets</act:name>
  <act:id type="guid">b97fd26779afb28f378fece83c8fd17f</act:id>
  <act:type>ASSET</act:type>
  <act:commodity>
    <cmdty:space>CURRENCY</cmdty:space>
    <cmdty:id>BRL</cmdty:id>
  </act:commodity>
  <act:commodity-scu>100</act:commodity-scu>
  <act:description>Assets</act:description>
  <act:slots>
    <slot>
      <slot:key>placeholder</slot:key>
      <slot:value type="string">true</slot:value>
    </slot>
  </act:slots>
  <act:parent type="guid">f0dce4278cba9ec5835b973fb20ee567</act:parent>
</gnc:account>
<gnc:account version="2.0.0">
  <act:name>Cash in Wallet</act:name>
  <act:id type="guid">345a37899503d980b59d104f618ca5f5</act:id>
  <act:type>CASH</act:type>
  <act:commodity>
    <cmdty:space>CURRENCY</cmdty:space>
    <cmdty:id>BRL</cmdty:id>
  </act:commodity>
  <act:commodity-scu>100</act:commodity-scu>
  <act:description>Cash in Wallet</act:description>
  <act:parent type="guid">b97fd26779afb28f378fece83c8fd17f</act:parent>
</gnc:account>
<gnc:account version="2.0.0">
  <act:name>Money Owed to me</act:name>
  <act:id type="guid">abe904d70b55f961b04af36a9c37b177</act:id>
  <act:type>ASSET</act:type>
  <act:commodity>
    <cmdty:space>CURRENCY</cmdty:space>
    <cmdty:id>BRL</cmdty:id>
  </act:commodity>
  <act:commodity-scu>100</act:commodity-scu>
  <act:slots>
    <slot>
      <slot:key>placeholder</slot:key>
      <slot:value type="string">true</slot:value>
    </slot>
  </act:slots>
  <act:parent type="guid">b97fd26779afb28f378fece83c8fd17f</act:parent>
</gnc:account>
<gnc:account version="2.0.0">
  <act:name>Marlene</act:name>
  <act:id type="guid">8493a59d9a6a8aaf33a1eedfb0747ae8</act:id>
  <act:type>ASSET</act:type>
  <act:commodity>
    <cmdty:space>CURRENCY</cmdty:space>
    <cmdty:id>BRL</cmdty:id>
  </act:commodity>
  <act:commodity-scu>100</act:commodity-scu>
  <act:slots>
    <slot>
      <slot:key>color</slot:key>
      <slot:value type="string">Not Set</slot:value>
    </slot>
  </act:slots>
  <act:parent type="guid">abe904d70b55f961b04af36a9c37b177</act:parent>
</gnc:account>
<gnc:account version="2.0.0">
  <act:name>Geovana</act:name>
  <act:id type="guid">b51eb774fa51a363a073607df6e92bd7</act:id>
  <act:type>ASSET</act:type>
  <act:commodity>
    <cmdty:space>CURRENCY</cmdty:space>
    <cmdty:id>BRL</cmdty:id>
  </act:commodity>
  <act:commodity-scu>100</act:commodity-scu>
  <act:parent type="guid">abe904d70b55f961b04af36a9c37b177</act:parent>
</gnc:account>
<gnc:account version="2.0.0">
  <act:name>Gijoka Doces</act:name>
  <act:id type="guid">e4e1ed1a9f48a739105adbbd539faabf</act:id>
  <act:type>ASSET</act:type>
  <act:commodity>
    <cmdty:space>CURRENCY</cmdty:space>
    <cmdty:id>BRL</cmdty:id>
  </act:commodity>
  <act:commodity-scu>100</act:commodity-scu>
  <act:parent type="guid">abe904d70b55f961b04af36a9c37b177</act:parent>
</gnc:account>
<gnc:account version="2.0.0">
  <act:name>Lílian</act:name>
  <act:id type="guid">7382cbc2caffc0d762385df903123e7c</act:id>
  <act:type>ASSET</act:type>
  <act:commodity>
    <cmdty:space>CURRENCY</cmdty:space>
    <cmdty:id>BRL</cmdty:id>
  </act:commodity>
  <act:commodity-scu>100</act:commodity-scu>
  <act:parent type="guid">abe904d70b55f961b04af36a9c37b177</act:parent>
</gnc:account>
<gnc:account version="2.0.0">
  <act:name>Old Liability (until 2014)</act:name>
  <act:id type="guid">0ff03cf70ca47457651500b9d6669f87</act:id>
  <act:type>ASSET</act:type>
  <act:commodity>
    <cmdty:space>CURRENCY</cmdty:space>
    <cmdty:id>BRL</cmdty:id>
  </act:commodity>
  <act:commodity-scu>100</act:commodity-scu>
  <act:parent type="guid">7382cbc2caffc0d762385df903123e7c</act:parent>
</gnc:account>
<gnc:account version="2.0.0">
  <act:name>Car</act:name>
  <act:id type="guid">4dc0a77874ab38b454a52f6c4f853a1b</act:id>
  <act:type>ASSET</act:type>
  <act:commodity>
    <cmdty:space>CURRENCY</cmdty:space>
    <cmdty:id>BRL</cmdty:id>
  </act:commodity>
  <act:commodity-scu>100</act:commodity-scu>
  <act:description>Money used to pay the car.</act:description>
  <act:slots>
    <slot>
      <slot:key>color</slot:key>
      <slot:value type="string">Not Set</slot:value>
    </slot>
  </act:slots>
  <act:parent type="guid">7382cbc2caffc0d762385df903123e7c</act:parent>
</gnc:account>
<gnc:account version="2.0.0">
  <act:name>Accounts Receivable</act:name>
  <act:id type="guid">62262e5d75e1535dc7a899a29a74aea9</act:id>
  <act:type>RECEIVABLE</act:type>
  <act:commodity>
    <cmdty:space>CURRENCY</cmdty:space>
    <cmdty:id>BRL</cmdty:id>
  </act:commodity>
  <act:commodity-scu>100</act:commodity-scu>
  <act:description>Money owed to me</act:description>
  <act:parent type="guid">b97fd26779afb28f378fece83c8fd17f</act:parent>
</gnc:account>
<gnc:account version="2.0.0">
  <act:name>Bank</act:name>
  <act:id type="guid">d6d98b8ff19221a0188270efce9ce6cc</act:id>
  <act:type>BANK</act:type>
  <act:commodity>
    <cmdty:space>CURRENCY</cmdty:space>
    <cmdty:id>BRL</cmdty:id>
  </act:commodity>
  <act:commodity-scu>100</act:commodity-scu>
  <act:description>Account in Bank</act:description>
  <act:slots>
    <slot>
      <slot:key>placeholder</slot:key>
      <slot:value type="string">true</slot:value>
    </slot>
  </act:slots>
  <act:parent type="guid">b97fd26779afb28f378fece83c8fd17f</act:parent>
</gnc:account>
<gnc:account version="2.0.0">
  <act:name>Bradesco SA</act:name>
  <act:id type="guid">32bd3269b61ef9c19e39f58fd6bfda39</act:id>
  <act:type>BANK</act:type>
  <act:commodity>
    <cmdty:space>CURRENCY</cmdty:space>
    <cmdty:id>BRL</cmdty:id>
  </act:commodity>
  <act:commodity-scu>100</act:commodity-scu>
  <act:slots>
    <slot>
      <slot:key>placeholder</slot:key>
      <slot:value type="string">true</slot:value>
    </slot>
  </act:slots>
  <act:parent type="guid">d6d98b8ff19221a0188270efce9ce6cc</act:parent>
</gnc:account>
<gnc:account version="2.0.0">
  <act:name>Savings Account</act:name>
  <act:id type="guid">8f7252c9dc4adb54ba86317cf0333a12</act:id>
  <act:type>BANK</act:type>
  <act:commodity>
    <cmdty:space>CURRENCY</cmdty:space>
    <cmdty:id>BRL</cmdty:id>
  </act:commodity>
  <act:commodity-scu>100</act:commodity-scu>
  <act:parent type="guid">32bd3269b61ef9c19e39f58fd6bfda39</act:parent>
</gnc:account>
<gnc:account version="2.0.0">
  <act:name>CEF SA</act:name>
  <act:id type="guid">a457e32eb6c3367d52ddb7a0385bd7eb</act:id>
  <act:type>BANK</act:type>
  <act:commodity>
    <cmdty:space>CURRENCY</cmdty:space>
    <cmdty:id>BRL</cmdty:id>
  </act:commodity>
  <act:commodity-scu>100</act:commodity-scu>
  <act:slots>
    <slot>
      <slot:key>placeholder</slot:key>
      <slot:value type="string">true</slot:value>
    </slot>
  </act:slots>
  <act:parent type="guid">d6d98b8ff19221a0188270efce9ce6cc</act:parent>
</gnc:account>
<gnc:account version="2.0.0">
  <act:name>Retirement Plan</act:name>
  <act:id type="guid">7599920795a08987915c26f42cd2a699</act:id>
  <act:type>BANK</act:type>
  <act:commodity>
    <cmdty:space>CURRENCY</cmdty:space>
    <cmdty:id>BRL</cmdty:id>
  </act:commodity>
  <act:commodity-scu>100</act:commodity-scu>
  <act:description>VGBL</act:description>
  <act:parent type="guid">a457e32eb6c3367d52ddb7a0385bd7eb</act:parent>
</gnc:account>
<gnc:account version="2.0.0">
  <act:name>Savings Account</act:name>
  <act:id type="guid">b574f1db817653a26d9d96de1c3b9abf</act:id>
  <act:type>BANK</act:type>
  <act:commodity>
    <cmdty:space>CURRENCY</cmdty:space>
    <cmdty:id>BRL</cmdty:id>
  </act:commodity>
  <act:commodity-scu>100</act:commodity-scu>
  <act:parent type="guid">a457e32eb6c3367d52ddb7a0385bd7eb</act:parent>
</gnc:account>
<gnc:account version="2.0.0">
  <act:name>Itau SA</act:name>
  <act:id type="guid">b8c9a2b1d9e0d3aeabbfd3996dbdfd42</act:id>
  <act:type>BANK</act:type>
  <act:commodity>
    <cmdty:space>CURRENCY</cmdty:space>
    <cmdty:id>BRL</cmdty:id>
  </act:commodity>
  <act:commodity-scu>100</act:commodity-scu>
  <act:slots>
    <slot>
      <slot:key>placeholder</slot:key>
      <slot:value type="string">true</slot:value>
    </slot>
  </act:slots>
  <act:parent type="guid">d6d98b8ff19221a0188270efce9ce6cc</act:parent>
</gnc:account>
<gnc:account version="2.0.0">
  <act:name>Checking Account</act:name>
  <act:id type="guid">f8b2bde024e5815d994c4d14990fcb2b</act:id>
  <act:type>BANK</act:type>
  <act:commodity>
    <cmdty:space>CURRENCY</cmdty:space>
    <cmdty:id>BRL</cmdty:id>
  </act:commodity>
  <act:commodity-scu>100</act:commodity-scu>
  <act:parent type="guid">b8c9a2b1d9e0d3aeabbfd3996dbdfd42</act:parent>
</gnc:account>
<gnc:account version="2.0.0">
  <act:name>Savings Account</act:name>
  <act:id type="guid">b35291d7b749a7907b2093f1298d2392</act:id>
  <act:type>BANK</act:type>
  <act:commodity>
    <cmdty:space>CURRENCY</cmdty:space>
    <cmdty:id>BRL</cmdty:id>
  </act:commodity>
  <act:commodity-scu>100</act:commodity-scu>
  <act:parent type="guid">b8c9a2b1d9e0d3aeabbfd3996dbdfd42</act:parent>
</gnc:account>
<gnc:account version="2.0.0">
  <act:name>Liabilities</act:name>
  <act:id type="guid">62f6190fd1d1a4c01716865c3918c5c1</act:id>
  <act:type>LIABILITY</act:type>
  <act:commodity>
    <cmdty:space>CURRENCY</cmdty:space>
    <cmdty:id>BRL</cmdty:id>
  </act:commodity>
  <act:commodity-scu>100</act:commodity-scu>
  <act:description>Liabilities</act:description>
  <act:slots>
    <slot>
      <slot:key>placeholder</slot:key>
      <slot:value type="string">true</slot:value>
    </slot>
  </act:slots>
  <act:parent type="guid">f0dce4278cba9ec5835b973fb20ee567</act:parent>
</gnc:account>
<gnc:account version="2.0.0">
  <act:name>Credit Card</act:name>
  <act:id type="guid">ac2a5e11766d8e712fc4fcf20aceab74</act:id>
  <act:type>CREDIT</act:type>
  <act:commodity>
    <cmdty:space>CURRENCY</cmdty:space>
    <cmdty:id>BRL</cmdty:id>
  </act:commodity>
  <act:commodity-scu>100</act:commodity-scu>
  <act:description>Credit Card</act:description>
  <act:parent type="guid">62f6190fd1d1a4c01716865c3918c5c1</act:parent>
</gnc:account>
<gnc:account version="2.0.0">
  <act:name>Nubank</act:name>
  <act:id type="guid">03575933c19187a21f7e6375d8176e6a</act:id>
  <act:type>CREDIT</act:type>
  <act:commodity>
    <cmdty:space>CURRENCY</cmdty:space>
    <cmdty:id>BRL</cmdty:id>
  </act:commodity>
  <act:commodity-scu>100</act:commodity-scu>
  <act:description>Nubank Credit Card</act:description>
  <act:slots>
    <slot>
      <slot:key>color</slot:key>
      <slot:value type="string">Not Set</slot:value>
    </slot>
  </act:slots>
  <act:parent type="guid">ac2a5e11766d8e712fc4fcf20aceab74</act:parent>
</gnc:account>
<gnc:account version="2.0.0">
  <act:name>Havan</act:name>
  <act:id type="guid">7fc156908797ceca9bbb2aaf32ab6c3c</act:id>
  <act:type>LIABILITY</act:type>
  <act:commodity>
    <cmdty:space>CURRENCY</cmdty:space>
    <cmdty:id>BRL</cmdty:id>
  </act:commodity>
  <act:commodity-scu>100</act:commodity-scu>
  <act:slots>
    <slot>
      <slot:key>color</slot:key>
      <slot:value type="string">Not Set</slot:value>
    </slot>
  </act:slots>
  <act:parent type="guid">ac2a5e11766d8e712fc4fcf20aceab74</act:parent>
</gnc:account>
<gnc:account version="2.0.0">
  <act:name>RCHLO</act:name>
  <act:id type="guid">a1cd37b339b8e4590b898eff029a9de1</act:id>
  <act:type>LIABILITY</act:type>
  <act:commodity>
    <cmdty:space>CURRENCY</cmdty:space>
    <cmdty:id>BRL</cmdty:id>
  </act:commodity>
  <act:commodity-scu>100</act:commodity-scu>
  <act:description>Riachuelo Credit Card (Store)</act:description>
  <act:slots>
    <slot>
      <slot:key>color</slot:key>
      <slot:value type="string">Not Set</slot:value>
    </slot>
  </act:slots>
  <act:parent type="guid">ac2a5e11766d8e712fc4fcf20aceab74</act:parent>
</gnc:account>
<gnc:account version="2.0.0">
  <act:name>Loans</act:name>
  <act:id type="guid">d524d8b8a67df39de0340f8c79933e1b</act:id>
  <act:type>LIABILITY</act:type>
  <act:commodity>
    <cmdty:space>CURRENCY</cmdty:space>
    <cmdty:id>BRL</cmdty:id>
  </act:commodity>
  <act:commodity-scu>100</act:commodity-scu>
  <act:description>Loans</act:description>
  <act:slots>
    <slot>
      <slot:key>placeholder</slot:key>
      <slot:value type="string">true</slot:value>
    </slot>
  </act:slots>
  <act:parent type="guid">62f6190fd1d1a4c01716865c3918c5c1</act:parent>
</gnc:account>
<gnc:account version="2.0.0">
  <act:name>MSR C012</act:name>
  <act:id type="guid">0ab7ea638eb3803130a39c3af549cd7b</act:id>
  <act:type>LIABILITY</act:type>
  <act:commodity>
    <cmdty:space>CURRENCY</cmdty:space>
    <cmdty:id>BRL</cmdty:id>
  </act:commodity>
  <act:commodity-scu>100</act:commodity-scu>
  <act:description>Mortgage Loan</act:description>
  <act:slots>
    <slot>
      <slot:key>color</slot:key>
      <slot:value type="string">Not Set</slot:value>
    </slot>
  </act:slots>
  <act:parent type="guid">d524d8b8a67df39de0340f8c79933e1b</act:parent>
</gnc:account>
<gnc:account version="2.0.0">
  <act:name>Lílian's Car</act:name>
  <act:id type="guid">a1e440d093ad1aa9fec561e132b318e2</act:id>
  <act:type>LIABILITY</act:type>
  <act:commodity>
    <cmdty:space>CURRENCY</cmdty:space>
    <cmdty:id>BRL</cmdty:id>
  </act:commodity>
  <act:commodity-scu>100</act:commodity-scu>
  <act:slots>
    <slot>
      <slot:key>color</slot:key>
      <slot:value type="string">Not Set</slot:value>
    </slot>
  </act:slots>
  <act:parent type="guid">d524d8b8a67df39de0340f8c79933e1b</act:parent>
</gnc:account>
<gnc:account version="2.0.0">
  <act:name>Marlene</act:name>
  <act:id type="guid">556010296348efd5b4f8e1856f8f8e61</act:id>
  <act:type>LIABILITY</act:type>
  <act:commodity>
    <cmdty:space>CURRENCY</cmdty:space>
    <cmdty:id>BRL</cmdty:id>
  </act:commodity>
  <act:commodity-scu>100</act:commodity-scu>
  <act:description>Money owed to her</act:description>
  <act:parent type="guid">62f6190fd1d1a4c01716865c3918c5c1</act:parent>
</gnc:account>
<gnc:account version="2.0.0">
  <act:name>Accounts Payable</act:name>
  <act:id type="guid">df08817cb5badf92f6f35484d540c298</act:id>
  <act:type>PAYABLE</act:type>
  <act:commodity>
    <cmdty:space>CURRENCY</cmdty:space>
    <cmdty:id>BRL</cmdty:id>
  </act:commodity>
  <act:commodity-scu>100</act:commodity-scu>
  <act:parent type="guid">62f6190fd1d1a4c01716865c3918c5c1</act:parent>
</gnc:account>
<gnc:account version="2.0.0">
  <act:name>Income</act:name>
  <act:id type="guid">2c34064a02dbc4361d80c4c7dc1b4344</act:id>
  <act:type>INCOME</act:type>
  <act:commodity>
    <cmdty:space>CURRENCY</cmdty:space>
    <cmdty:id>BRL</cmdty:id>
  </act:commodity>
  <act:commodity-scu>100</act:commodity-scu>
  <act:description>Income</act:description>
  <act:slots>
    <slot>
      <slot:key>placeholder</slot:key>
      <slot:value type="string">true</slot:value>
    </slot>
  </act:slots>
  <act:parent type="guid">f0dce4278cba9ec5835b973fb20ee567</act:parent>
</gnc:account>
<gnc:account version="2.0.0">
  <act:name>Freelance</act:name>
  <act:id type="guid">4674588d5a775b4053731227c6f8ccc6</act:id>
  <act:type>INCOME</act:type>
  <act:commodity>
    <cmdty:space>CURRENCY</cmdty:space>
    <cmdty:id>BRL</cmdty:id>
  </act:commodity>
  <act:commodity-scu>100</act:commodity-scu>
  <act:parent type="guid">2c34064a02dbc4361d80c4c7dc1b4344</act:parent>
</gnc:account>
<gnc:account version="2.0.0">
  <act:name>freelancer.com</act:name>
  <act:id type="guid">1d30ce4f31540b80df5a605f127134ca</act:id>
  <act:type>INCOME</act:type>
  <act:commodity>
    <cmdty:space>CURRENCY</cmdty:space>
    <cmdty:id>BRL</cmdty:id>
  </act:commodity>
  <act:commodity-scu>100</act:commodity-scu>
  <act:slots>
    <slot>
      <slot:key>color</slot:key>
      <slot:value type="string">Not Set</slot:value>
    </slot>
  </act:slots>
  <act:parent type="guid">4674588d5a775b4053731227c6f8ccc6</act:parent>
</gnc:account>
<gnc:account version="2.0.0">
  <act:name>workana.com</act:name>
  <act:id type="guid">86a40efe7781f6c15a0decb9e65ac5bd</act:id>
  <act:type>INCOME</act:type>
  <act:commodity>
    <cmdty:space>CURRENCY</cmdty:space>
    <cmdty:id>BRL</cmdty:id>
  </act:commodity>
  <act:commodity-scu>100</act:commodity-scu>
  <act:slots>
    <slot>
      <slot:key>color</slot:key>
      <slot:value type="string">Not Set</slot:value>
    </slot>
  </act:slots>
  <act:parent type="guid">4674588d5a775b4053731227c6f8ccc6</act:parent>
</gnc:account>
<gnc:account version="2.0.0">
  <act:name>Geovana</act:name>
  <act:id type="guid">6d2fa7bf682a9d8ae590e5d7de4b2fa8</act:id>
  <act:type>INCOME</act:type>
  <act:commodity>
    <cmdty:space>CURRENCY</cmdty:space>
    <cmdty:id>BRL</cmdty:id>
  </act:commodity>
  <act:commodity-scu>100</act:commodity-scu>
  <act:description>Money came form Geovana</act:description>
  <act:parent type="guid">2c34064a02dbc4361d80c4c7dc1b4344</act:parent>
</gnc:account>
<gnc:account version="2.0.0">
  <act:name>Gijoka</act:name>
  <act:id type="guid">52af0a3f4b998936e4eabc63bf464873</act:id>
  <act:type>INCOME</act:type>
  <act:commodity>
    <cmdty:space>CURRENCY</cmdty:space>
    <cmdty:id>BRL</cmdty:id>
  </act:commodity>
  <act:commodity-scu>100</act:commodity-scu>
  <act:parent type="guid">6d2fa7bf682a9d8ae590e5d7de4b2fa8</act:parent>
</gnc:account>
<gnc:account version="2.0.0">
  <act:name>Reimburstment House Baltazar Fernandes</act:name>
  <act:id type="guid">dbfbb30c6ae5bb7879cd214c7cc2b393</act:id>
  <act:type>INCOME</act:type>
  <act:commodity>
    <cmdty:space>CURRENCY</cmdty:space>
    <cmdty:id>BRL</cmdty:id>
  </act:commodity>
  <act:commodity-scu>100</act:commodity-scu>
  <act:slots>
    <slot>
      <slot:key>color</slot:key>
      <slot:value type="string">Not Set</slot:value>
    </slot>
  </act:slots>
  <act:parent type="guid">52af0a3f4b998936e4eabc63bf464873</act:parent>
</gnc:account>
<gnc:account version="2.0.0">
  <act:name>Home</act:name>
  <act:id type="guid">4c5f1db236559b35e08848f0078276a7</act:id>
  <act:type>INCOME</act:type>
  <act:commodity>
    <cmdty:space>CURRENCY</cmdty:space>
    <cmdty:id>BRL</cmdty:id>
  </act:commodity>
  <act:commodity-scu>100</act:commodity-scu>
  <act:description>Reimburstment from apartment</act:description>
  <act:parent type="guid">6d2fa7bf682a9d8ae590e5d7de4b2fa8</act:parent>
</gnc:account>
<gnc:account version="2.0.0">
  <act:name>Gifts Received</act:name>
  <act:id type="guid">cb367ed5b1dbdc51b45c10c587350dc9</act:id>
  <act:type>INCOME</act:type>
  <act:commodity>
    <cmdty:space>CURRENCY</cmdty:space>
    <cmdty:id>BRL</cmdty:id>
  </act:commodity>
  <act:commodity-scu>100</act:commodity-scu>
  <act:description>Gifts Received</act:description>
  <act:parent type="guid">2c34064a02dbc4361d80c4c7dc1b4344</act:parent>
</gnc:account>
<gnc:account version="2.0.0">
  <act:name>Interest Income</act:name>
  <act:id type="guid">3ceecd8a4b6c6e6e0c4c79be23246e69</act:id>
  <act:type>INCOME</act:type>
  <act:commodity>
    <cmdty:space>CURRENCY</cmdty:space>
    <cmdty:id>BRL</cmdty:id>
  </act:commodity>
  <act:commodity-scu>100</act:commodity-scu>
  <act:description>Interest Income</act:description>
  <act:parent type="guid">2c34064a02dbc4361d80c4c7dc1b4344</act:parent>
</gnc:account>
<gnc:account version="2.0.0">
  <act:name>Checking Interest</act:name>
  <act:id type="guid">aa8f92b7beecc595a4584d48ee02a23b</act:id>
  <act:type>INCOME</act:type>
  <act:commodity>
    <cmdty:space>CURRENCY</cmdty:space>
    <cmdty:id>BRL</cmdty:id>
  </act:commodity>
  <act:commodity-scu>100</act:commodity-scu>
  <act:description>Checking Interest</act:description>
  <act:parent type="guid">3ceecd8a4b6c6e6e0c4c79be23246e69</act:parent>
</gnc:account>
<gnc:account version="2.0.0">
  <act:name>Other Interest</act:name>
  <act:id type="guid">db1683d39062ea6f3bdb6409d821861d</act:id>
  <act:type>INCOME</act:type>
  <act:commodity>
    <cmdty:space>CURRENCY</cmdty:space>
    <cmdty:id>BRL</cmdty:id>
  </act:commodity>
  <act:commodity-scu>100</act:commodity-scu>
  <act:description>Other Interest</act:description>
  <act:parent type="guid">3ceecd8a4b6c6e6e0c4c79be23246e69</act:parent>
</gnc:account>
<gnc:account version="2.0.0">
  <act:name>Savings Interest</act:name>
  <act:id type="guid">15136313bbdb691189e1a1bf0ba9e403</act:id>
  <act:type>INCOME</act:type>
  <act:commodity>
    <cmdty:space>CURRENCY</cmdty:space>
    <cmdty:id>BRL</cmdty:id>
  </act:commodity>
  <act:commodity-scu>100</act:commodity-scu>
  <act:description>Savings Interest</act:description>
  <act:parent type="guid">3ceecd8a4b6c6e6e0c4c79be23246e69</act:parent>
</gnc:account>
<gnc:account version="2.0.0">
  <act:name>Marlene</act:name>
  <act:id type="guid">b25c3c46f6ff90135cbdaf9b25562347</act:id>
  <act:type>INCOME</act:type>
  <act:commodity>
    <cmdty:space>CURRENCY</cmdty:space>
    <cmdty:id>BRL</cmdty:id>
  </act:commodity>
  <act:commodity-scu>100</act:commodity-scu>
  <act:parent type="guid">2c34064a02dbc4361d80c4c7dc1b4344</act:parent>
</gnc:account>
<gnc:account version="2.0.0">
  <act:name>NFP</act:name>
  <act:id type="guid">08fb2568eda9e55b6cf1759205b07a16</act:id>
  <act:type>INCOME</act:type>
  <act:commodity>
    <cmdty:space>CURRENCY</cmdty:space>
    <cmdty:id>BRL</cmdty:id>
  </act:commodity>
  <act:commodity-scu>100</act:commodity-scu>
  <act:description>Nota Fiscal Paulista</act:description>
  <act:slots>
    <slot>
      <slot:key>notes</slot:key>
      <slot:value type="string">Refund taxes from state government</slot:value>
    </slot>
  </act:slots>
  <act:parent type="guid">2c34064a02dbc4361d80c4c7dc1b4344</act:parent>
</gnc:account>
<gnc:account version="2.0.0">
  <act:name>Other Income</act:name>
  <act:id type="guid">1c0dbe608d70bc80ff96fef406bbdd43</act:id>
  <act:type>INCOME</act:type>
  <act:commodity>
    <cmdty:space>CURRENCY</cmdty:space>
    <cmdty:id>BRL</cmdty:id>
  </act:commodity>
  <act:commodity-scu>100</act:commodity-scu>
  <act:description>Other Income</act:description>
  <act:parent type="guid">2c34064a02dbc4361d80c4c7dc1b4344</act:parent>
</gnc:account>
<gnc:account version="2.0.0">
  <act:name>PMS</act:name>
  <act:id type="guid">94fcdd3668b5950c5fa770a6498b54fc</act:id>
  <act:type>INCOME</act:type>
  <act:commodity>
    <cmdty:space>CURRENCY</cmdty:space>
    <cmdty:id>BRL</cmdty:id>
  </act:commodity>
  <act:commodity-scu>100</act:commodity-scu>
  <act:description>All income get from my employer.</act:description>
  <act:parent type="guid">2c34064a02dbc4361d80c4c7dc1b4344</act:parent>
</gnc:account>
<gnc:account version="2.0.0">
  <act:name>13th Salary</act:name>
  <act:id type="guid">fed2b80576359983fe4ef6900731a8a1</act:id>
  <act:type>INCOME</act:type>
  <act:commodity>
    <cmdty:space>CURRENCY</cmdty:space>
    <cmdty:id>BRL</cmdty:id>
  </act:commodity>
  <act:commodity-scu>100</act:commodity-scu>
  <act:parent type="guid">94fcdd3668b5950c5fa770a6498b54fc</act:parent>
</gnc:account>
<gnc:account version="2.0.0">
  <act:name>Bonus (Abonada)</act:name>
  <act:id type="guid">f1aa948839908b89524ee718c0b6399d</act:id>
  <act:type>INCOME</act:type>
  <act:commodity>
    <cmdty:space>CURRENCY</cmdty:space>
    <cmdty:id>BRL</cmdty:id>
  </act:commodity>
  <act:commodity-scu>100</act:commodity-scu>
  <act:description>Bonus</act:description>
  <act:parent type="guid">94fcdd3668b5950c5fa770a6498b54fc</act:parent>
</gnc:account>
<gnc:account version="2.0.0">
  <act:name>Paid Vacation</act:name>
  <act:id type="guid">ba1d5ce5612c364177005b4b47f1a8b6</act:id>
  <act:type>INCOME</act:type>
  <act:commodity>
    <cmdty:space>CURRENCY</cmdty:space>
    <cmdty:id>BRL</cmdty:id>
  </act:commodity>
  <act:commodity-scu>100</act:commodity-scu>
  <act:parent type="guid">94fcdd3668b5950c5fa770a6498b54fc</act:parent>
</gnc:account>
<gnc:account version="2.0.0">
  <act:name>Salary PMS</act:name>
  <act:id type="guid">ad35b0a64250346684f0ed9a872874cd</act:id>
  <act:type>INCOME</act:type>
  <act:commodity>
    <cmdty:space>CURRENCY</cmdty:space>
    <cmdty:id>BRL</cmdty:id>
  </act:commodity>
  <act:commodity-scu>100</act:commodity-scu>
  <act:description>Salary</act:description>
  <act:parent type="guid">94fcdd3668b5950c5fa770a6498b54fc</act:parent>
</gnc:account>
<gnc:account version="2.0.0">
  <act:name>Expenses</act:name>
  <act:id type="guid">42087051246fad5166035e01944d1037</act:id>
  <act:type>EXPENSE</act:type>
  <act:commodity>
    <cmdty:space>CURRENCY</cmdty:space>
    <cmdty:id>BRL</cmdty:id>
  </act:commodity>
  <act:commodity-scu>100</act:commodity-scu>
  <act:description>Expenses</act:description>
  <act:slots>
    <slot>
      <slot:key>placeholder</slot:key>
      <slot:value type="string">true</slot:value>
    </slot>
  </act:slots>
  <act:parent type="guid">f0dce4278cba9ec5835b973fb20ee567</act:parent>
</gnc:account>
<gnc:account version="2.0.0">
  <act:name>Adjustment</act:name>
  <act:id type="guid">43a46a261fd98a56deb0bfaebfefc8ad</act:id>
  <act:type>EXPENSE</act:type>
  <act:commodity>
    <cmdty:space>CURRENCY</cmdty:space>
    <cmdty:id>BRL</cmdty:id>
  </act:commodity>
  <act:commodity-scu>100</act:commodity-scu>
  <act:description>Adjustment</act:description>
  <act:slots>
    <slot>
      <slot:key>online_id</slot:key>
      <slot:value type="string"></slot:value>
    </slot>
  </act:slots>
  <act:parent type="guid">42087051246fad5166035e01944d1037</act:parent>
</gnc:account>
<gnc:account version="2.0.0">
  <act:name>Bank Service Charge</act:name>
  <act:id type="guid">25b7773dfc9945bf76394ce4c599b444</act:id>
  <act:type>EXPENSE</act:type>
  <act:commodity>
    <cmdty:space>CURRENCY</cmdty:space>
    <cmdty:id>BRL</cmdty:id>
  </act:commodity>
  <act:commodity-scu>100</act:commodity-scu>
  <act:description>Bank Service Charge</act:description>
  <act:parent type="guid">42087051246fad5166035e01944d1037</act:parent>
</gnc:account>
<gnc:account version="2.0.0">
  <act:name>Books</act:name>
  <act:id type="guid">60b2e443ee537a58324788b2c0e4d043</act:id>
  <act:type>EXPENSE</act:type>
  <act:commodity>
    <cmdty:space>CURRENCY</cmdty:space>
    <cmdty:id>BRL</cmdty:id>
  </act:commodity>
  <act:commodity-scu>100</act:commodity-scu>
  <act:description>Books</act:description>
  <act:parent type="guid">42087051246fad5166035e01944d1037</act:parent>
</gnc:account>
<gnc:account version="2.0.0">
  <act:name>Cable</act:name>
  <act:id type="guid">e763d07b9dc800b7d439a64bd02b8b82</act:id>
  <act:type>EXPENSE</act:type>
  <act:commodity>
    <cmdty:space>CURRENCY</cmdty:space>
    <cmdty:id>BRL</cmdty:id>
  </act:commodity>
  <act:commodity-scu>100</act:commodity-scu>
  <act:description>Cable</act:description>
  <act:parent type="guid">42087051246fad5166035e01944d1037</act:parent>
</gnc:account>
<gnc:account version="2.0.0">
  <act:name>Charity</act:name>
  <act:id type="guid">88635a5eda75989a7b66ce44362d83aa</act:id>
  <act:type>EXPENSE</act:type>
  <act:commodity>
    <cmdty:space>CURRENCY</cmdty:space>
    <cmdty:id>BRL</cmdty:id>
  </act:commodity>
  <act:commodity-scu>100</act:commodity-scu>
  <act:description>Charity</act:description>
  <act:parent type="guid">42087051246fad5166035e01944d1037</act:parent>
</gnc:account>
<gnc:account version="2.0.0">
  <act:name>Clothes</act:name>
  <act:id type="guid">c7b42cb827b932d6665872ef29faf783</act:id>
  <act:type>EXPENSE</act:type>
  <act:commodity>
    <cmdty:space>CURRENCY</cmdty:space>
    <cmdty:id>BRL</cmdty:id>
  </act:commodity>
  <act:commodity-scu>100</act:commodity-scu>
  <act:description>Clothes</act:description>
  <act:parent type="guid">42087051246fad5166035e01944d1037</act:parent>
</gnc:account>
<gnc:account version="2.0.0">
  <act:name>Computer</act:name>
  <act:id type="guid">b289601a507b1f94c40080c23e69d461</act:id>
  <act:type>EXPENSE</act:type>
  <act:commodity>
    <cmdty:space>CURRENCY</cmdty:space>
    <cmdty:id>BRL</cmdty:id>
  </act:commodity>
  <act:commodity-scu>100</act:commodity-scu>
  <act:description>Computer</act:description>
  <act:parent type="guid">42087051246fad5166035e01944d1037</act:parent>
</gnc:account>
<gnc:account version="2.0.0">
  <act:name>Credit Card</act:name>
  <act:id type="guid">13257b153a419dd0870d1b5dd26a86d5</act:id>
  <act:type>EXPENSE</act:type>
  <act:commodity>
    <cmdty:space>CURRENCY</cmdty:space>
    <cmdty:id>BRL</cmdty:id>
  </act:commodity>
  <act:commodity-scu>100</act:commodity-scu>
  <act:slots>
    <slot>
      <slot:key>notes</slot:key>
      <slot:value type="string">Generic Expenses Made with Credit Card</slot:value>
    </slot>
  </act:slots>
  <act:parent type="guid">42087051246fad5166035e01944d1037</act:parent>
</gnc:account>
<gnc:account version="2.0.0">
  <act:name>Education</act:name>
  <act:id type="guid">173080de827e6aad2c68f35e7dd54d75</act:id>
  <act:type>EXPENSE</act:type>
  <act:commodity>
    <cmdty:space>CURRENCY</cmdty:space>
    <cmdty:id>BRL</cmdty:id>
  </act:commodity>
  <act:commodity-scu>100</act:commodity-scu>
  <act:description>Education</act:description>
  <act:parent type="guid">42087051246fad5166035e01944d1037</act:parent>
</gnc:account>
<gnc:account version="2.0.0">
  <act:name>Entertainment</act:name>
  <act:id type="guid">e3dbe8bd9e73786b3bac8f20d4680082</act:id>
  <act:type>EXPENSE</act:type>
  <act:commodity>
    <cmdty:space>CURRENCY</cmdty:space>
    <cmdty:id>BRL</cmdty:id>
  </act:commodity>
  <act:commodity-scu>100</act:commodity-scu>
  <act:description>Entertainment</act:description>
  <act:parent type="guid">42087051246fad5166035e01944d1037</act:parent>
</gnc:account>
<gnc:account version="2.0.0">
  <act:name>Music/Movies</act:name>
  <act:id type="guid">6851246ba51bb13c8af8b1885428ac15</act:id>
  <act:type>EXPENSE</act:type>
  <act:commodity>
    <cmdty:space>CURRENCY</cmdty:space>
    <cmdty:id>BRL</cmdty:id>
  </act:commodity>
  <act:commodity-scu>100</act:commodity-scu>
  <act:description>Music/Movies</act:description>
  <act:parent type="guid">e3dbe8bd9e73786b3bac8f20d4680082</act:parent>
</gnc:account>
<gnc:account version="2.0.0">
  <act:name>Recreation</act:name>
  <act:id type="guid">5f8064dc5ca719887e6df45043fe97c7</act:id>
  <act:type>EXPENSE</act:type>
  <act:commodity>
    <cmdty:space>CURRENCY</cmdty:space>
    <cmdty:id>BRL</cmdty:id>
  </act:commodity>
  <act:commodity-scu>100</act:commodity-scu>
  <act:description>Recreation</act:description>
  <act:parent type="guid">e3dbe8bd9e73786b3bac8f20d4680082</act:parent>
</gnc:account>
<gnc:account version="2.0.0">
  <act:name>Travel</act:name>
  <act:id type="guid">cbc68e6668236597dbc8820f9489d1a8</act:id>
  <act:type>EXPENSE</act:type>
  <act:commodity>
    <cmdty:space>CURRENCY</cmdty:space>
    <cmdty:id>BRL</cmdty:id>
  </act:commodity>
  <act:commodity-scu>100</act:commodity-scu>
  <act:description>Travel</act:description>
  <act:parent type="guid">e3dbe8bd9e73786b3bac8f20d4680082</act:parent>
</gnc:account>
<gnc:account version="2.0.0">
  <act:name>Annual Vacation PMS</act:name>
  <act:id type="guid">285a55ae360b6887fddceb0e84a2d85c</act:id>
  <act:type>EXPENSE</act:type>
  <act:commodity>
    <cmdty:space>CURRENCY</cmdty:space>
    <cmdty:id>BRL</cmdty:id>
  </act:commodity>
  <act:commodity-scu>100</act:commodity-scu>
  <act:parent type="guid">cbc68e6668236597dbc8820f9489d1a8</act:parent>
</gnc:account>
<gnc:account version="2.0.0">
  <act:name>Geovana</act:name>
  <act:id type="guid">a148880a1f7c6e215ae0d8621195e14f</act:id>
  <act:type>EXPENSE</act:type>
  <act:commodity>
    <cmdty:space>CURRENCY</cmdty:space>
    <cmdty:id>BRL</cmdty:id>
  </act:commodity>
  <act:commodity-scu>100</act:commodity-scu>
  <act:description>Money expended with Geo.</act:description>
  <act:parent type="guid">42087051246fad5166035e01944d1037</act:parent>
</gnc:account>
<gnc:account version="2.0.0">
  <act:name>Gifts</act:name>
  <act:id type="guid">60e9e605d02dc8d772a8dc98ccd2ac52</act:id>
  <act:type>EXPENSE</act:type>
  <act:commodity>
    <cmdty:space>CURRENCY</cmdty:space>
    <cmdty:id>BRL</cmdty:id>
  </act:commodity>
  <act:commodity-scu>100</act:commodity-scu>
  <act:description>Gifts</act:description>
  <act:parent type="guid">42087051246fad5166035e01944d1037</act:parent>
</gnc:account>
<gnc:account version="2.0.0">
  <act:name>Groceries</act:name>
  <act:id type="guid">e3614b563f2d675a652123806e017dd0</act:id>
  <act:type>EXPENSE</act:type>
  <act:commodity>
    <cmdty:space>CURRENCY</cmdty:space>
    <cmdty:id>BRL</cmdty:id>
  </act:commodity>
  <act:commodity-scu>100</act:commodity-scu>
  <act:description>Groceries</act:description>
  <act:parent type="guid">42087051246fad5166035e01944d1037</act:parent>
</gnc:account>
<gnc:account version="2.0.0">
  <act:name>PMS</act:name>
  <act:id type="guid">7e5e07dcd2b8485693f09b00be19527a</act:id>
  <act:type>EXPENSE</act:type>
  <act:commodity>
    <cmdty:space>CURRENCY</cmdty:space>
    <cmdty:id>BRL</cmdty:id>
  </act:commodity>
  <act:commodity-scu>100</act:commodity-scu>
  <act:parent type="guid">e3614b563f2d675a652123806e017dd0</act:parent>
</gnc:account>
<gnc:account version="2.0.0">
  <act:name>Xmas &amp; New Year party</act:name>
  <act:id type="guid">d8ff99f2e6918166e5cfa497cff81508</act:id>
  <act:type>EXPENSE</act:type>
  <act:commodity>
    <cmdty:space>CURRENCY</cmdty:space>
    <cmdty:id>BRL</cmdty:id>
  </act:commodity>
  <act:commodity-scu>100</act:commodity-scu>
  <act:parent type="guid">e3614b563f2d675a652123806e017dd0</act:parent>
</gnc:account>
<gnc:account version="2.0.0">
  <act:name>Hair cut &amp; Shave</act:name>
  <act:id type="guid">747cd7299253f11d8b2debae27bd89f2</act:id>
  <act:type>EXPENSE</act:type>
  <act:commodity>
    <cmdty:space>CURRENCY</cmdty:space>
    <cmdty:id>BRL</cmdty:id>
  </act:commodity>
  <act:commodity-scu>100</act:commodity-scu>
  <act:parent type="guid">42087051246fad5166035e01944d1037</act:parent>
</gnc:account>
<gnc:account version="2.0.0">
  <act:name>Hobbies</act:name>
  <act:id type="guid">279709bdaaeb53cf81642cb276bea98a</act:id>
  <act:type>EXPENSE</act:type>
  <act:commodity>
    <cmdty:space>CURRENCY</cmdty:space>
    <cmdty:id>BRL</cmdty:id>
  </act:commodity>
  <act:commodity-scu>100</act:commodity-scu>
  <act:description>Hobbies</act:description>
  <act:parent type="guid">42087051246fad5166035e01944d1037</act:parent>
</gnc:account>
<gnc:account version="2.0.0">
  <act:name>Running</act:name>
  <act:id type="guid">9333d4bddd06d5eac1de9b5c3222fbf4</act:id>
  <act:type>EXPENSE</act:type>
  <act:commodity>
    <cmdty:space>CURRENCY</cmdty:space>
    <cmdty:id>BRL</cmdty:id>
  </act:commodity>
  <act:commodity-scu>100</act:commodity-scu>
  <act:parent type="guid">279709bdaaeb53cf81642cb276bea98a</act:parent>
</gnc:account>
<gnc:account version="2.0.0">
  <act:name>Home</act:name>
  <act:id type="guid">57e63e3a151a724ba0a1ea326c08e1ac</act:id>
  <act:type>EXPENSE</act:type>
  <act:commodity>
    <cmdty:space>CURRENCY</cmdty:space>
    <cmdty:id>BRL</cmdty:id>
  </act:commodity>
  <act:commodity-scu>100</act:commodity-scu>
  <act:parent type="guid">42087051246fad5166035e01944d1037</act:parent>
</gnc:account>
<gnc:account version="2.0.0">
  <act:name>Office</act:name>
  <act:id type="guid">41ab40e880d44b9cd76dbc123bc79078</act:id>
  <act:type>EXPENSE</act:type>
  <act:commodity>
    <cmdty:space>CURRENCY</cmdty:space>
    <cmdty:id>BRL</cmdty:id>
  </act:commodity>
  <act:commodity-scu>100</act:commodity-scu>
  <act:parent type="guid">57e63e3a151a724ba0a1ea326c08e1ac</act:parent>
</gnc:account>
<gnc:account version="2.0.0">
  <act:name>Condominium fee</act:name>
  <act:id type="guid">26fa78bf55c572d944352302c8310692</act:id>
  <act:type>EXPENSE</act:type>
  <act:commodity>
    <cmdty:space>CURRENCY</cmdty:space>
    <cmdty:id>BRL</cmdty:id>
  </act:commodity>
  <act:commodity-scu>100</act:commodity-scu>
  <act:slots>
    <slot>
      <slot:key>color</slot:key>
      <slot:value type="string">Not Set</slot:value>
    </slot>
  </act:slots>
  <act:parent type="guid">57e63e3a151a724ba0a1ea326c08e1ac</act:parent>
</gnc:account>
<gnc:account version="2.0.0">
  <act:name>Insurance</act:name>
  <act:id type="guid">20a7e86abe4159fd8e6bef68d8344480</act:id>
  <act:type>EXPENSE</act:type>
  <act:commodity>
    <cmdty:space>CURRENCY</cmdty:space>
    <cmdty:id>BRL</cmdty:id>
  </act:commodity>
  <act:commodity-scu>100</act:commodity-scu>
  <act:description>Insurance</act:description>
  <act:parent type="guid">42087051246fad5166035e01944d1037</act:parent>
</gnc:account>
<gnc:account version="2.0.0">
  <act:name>Auto Insurance</act:name>
  <act:id type="guid">4aa167cace41eee115abed2f1fcffc54</act:id>
  <act:type>EXPENSE</act:type>
  <act:commodity>
    <cmdty:space>CURRENCY</cmdty:space>
    <cmdty:id>BRL</cmdty:id>
  </act:commodity>
  <act:commodity-scu>100</act:commodity-scu>
  <act:description>Auto Insurance</act:description>
  <act:parent type="guid">20a7e86abe4159fd8e6bef68d8344480</act:parent>
</gnc:account>
<gnc:account version="2.0.0">
  <act:name>Health Insurance</act:name>
  <act:id type="guid">ff1282219534e43f15fd8bab8d28e9e7</act:id>
  <act:type>EXPENSE</act:type>
  <act:commodity>
    <cmdty:space>CURRENCY</cmdty:space>
    <cmdty:id>BRL</cmdty:id>
  </act:commodity>
  <act:commodity-scu>100</act:commodity-scu>
  <act:description>Health Insurance</act:description>
  <act:parent type="guid">20a7e86abe4159fd8e6bef68d8344480</act:parent>
</gnc:account>
<gnc:account version="2.0.0">
  <act:name>Life Insurance</act:name>
  <act:id type="guid">9f22c92b10ad2e4e4f0c4354ea01914c</act:id>
  <act:type>EXPENSE</act:type>
  <act:commodity>
    <cmdty:space>CURRENCY</cmdty:space>
    <cmdty:id>BRL</cmdty:id>
  </act:commodity>
  <act:commodity-scu>100</act:commodity-scu>
  <act:description>Life Insurance</act:description>
  <act:parent type="guid">20a7e86abe4159fd8e6bef68d8344480</act:parent>
</gnc:account>
<gnc:account version="2.0.0">
  <act:name>Interest</act:name>
  <act:id type="guid">499df573aae0892f7be33c080e41696d</act:id>
  <act:type>EXPENSE</act:type>
  <act:commodity>
    <cmdty:space>CURRENCY</cmdty:space>
    <cmdty:id>BRL</cmdty:id>
  </act:commodity>
  <act:commodity-scu>100</act:commodity-scu>
  <act:description>Interest</act:description>
  <act:parent type="guid">42087051246fad5166035e01944d1037</act:parent>
</gnc:account>
<gnc:account version="2.0.0">
  <act:name>Mortgage Interest</act:name>
  <act:id type="guid">04663089d8ce7e86f45ec17571973abd</act:id>
  <act:type>EXPENSE</act:type>
  <act:commodity>
    <cmdty:space>CURRENCY</cmdty:space>
    <cmdty:id>BRL</cmdty:id>
  </act:commodity>
  <act:commodity-scu>100</act:commodity-scu>
  <act:description>Mortgage Interest</act:description>
  <act:parent type="guid">499df573aae0892f7be33c080e41696d</act:parent>
</gnc:account>
<gnc:account version="2.0.0">
  <act:name>Labor Union</act:name>
  <act:id type="guid">72511bc65ba5c13e65737ad8da033f46</act:id>
  <act:type>EXPENSE</act:type>
  <act:commodity>
    <cmdty:space>CURRENCY</cmdty:space>
    <cmdty:id>BRL</cmdty:id>
  </act:commodity>
  <act:commodity-scu>100</act:commodity-scu>
  <act:parent type="guid">42087051246fad5166035e01944d1037</act:parent>
</gnc:account>
<gnc:account version="2.0.0">
  <act:name>Laundry/Dry Cleaning</act:name>
  <act:id type="guid">3e8193ad6e11ffca99b71b52e8ee94d2</act:id>
  <act:type>EXPENSE</act:type>
  <act:commodity>
    <cmdty:space>CURRENCY</cmdty:space>
    <cmdty:id>BRL</cmdty:id>
  </act:commodity>
  <act:commodity-scu>100</act:commodity-scu>
  <act:description>Laundry/Dry Cleaning</act:description>
  <act:parent type="guid">42087051246fad5166035e01944d1037</act:parent>
</gnc:account>
<gnc:account version="2.0.0">
  <act:name>Lílian</act:name>
  <act:id type="guid">625528c235057b0ff36ba176df7d4de2</act:id>
  <act:type>EXPENSE</act:type>
  <act:commodity>
    <cmdty:space>CURRENCY</cmdty:space>
    <cmdty:id>BRL</cmdty:id>
  </act:commodity>
  <act:commodity-scu>100</act:commodity-scu>
  <act:parent type="guid">42087051246fad5166035e01944d1037</act:parent>
</gnc:account>
<gnc:account version="2.0.0">
  <act:name>Miguel</act:name>
  <act:id type="guid">733ac07b591adb98f6012bac8a7143e7</act:id>
  <act:type>EXPENSE</act:type>
  <act:commodity>
    <cmdty:space>CURRENCY</cmdty:space>
    <cmdty:id>BRL</cmdty:id>
  </act:commodity>
  <act:commodity-scu>100</act:commodity-scu>
  <act:parent type="guid">625528c235057b0ff36ba176df7d4de2</act:parent>
</gnc:account>
<gnc:account version="2.0.0">
  <act:name>Reimburstment Me</act:name>
  <act:id type="guid">1b0fe8d19ee7e97df05fc5d4f85eb897</act:id>
  <act:type>EXPENSE</act:type>
  <act:commodity>
    <cmdty:space>CURRENCY</cmdty:space>
    <cmdty:id>BRL</cmdty:id>
  </act:commodity>
  <act:commodity-scu>100</act:commodity-scu>
  <act:description>Money owed to me until jan/2014.</act:description>
  <act:parent type="guid">625528c235057b0ff36ba176df7d4de2</act:parent>
</gnc:account>
<gnc:account version="2.0.0">
  <act:name>Mariage</act:name>
  <act:id type="guid">edb6388568420e0aea90e91a7a0892f5</act:id>
  <act:type>EXPENSE</act:type>
  <act:commodity>
    <cmdty:space>CURRENCY</cmdty:space>
    <cmdty:id>BRL</cmdty:id>
  </act:commodity>
  <act:commodity-scu>100</act:commodity-scu>
  <act:slots>
    <slot>
      <slot:key>notes</slot:key>
      <slot:value type="string">Jeff + Geo</slot:value>
    </slot>
  </act:slots>
  <act:parent type="guid">42087051246fad5166035e01944d1037</act:parent>
</gnc:account>
<gnc:account version="2.0.0">
  <act:name>Medical Expenses</act:name>
  <act:id type="guid">9a57a9e84030623f129ff4d37b1c3103</act:id>
  <act:type>EXPENSE</act:type>
  <act:commodity>
    <cmdty:space>CURRENCY</cmdty:space>
    <cmdty:id>BRL</cmdty:id>
  </act:commodity>
  <act:commodity-scu>100</act:commodity-scu>
  <act:description>Medical Expenses</act:description>
  <act:parent type="guid">42087051246fad5166035e01944d1037</act:parent>
</gnc:account>
<gnc:account version="2.0.0">
  <act:name>Dentist</act:name>
  <act:id type="guid">c5dd739d78f714fdc179b6f0ac9c4f77</act:id>
  <act:type>EXPENSE</act:type>
  <act:commodity>
    <cmdty:space>CURRENCY</cmdty:space>
    <cmdty:id>BRL</cmdty:id>
  </act:commodity>
  <act:commodity-scu>100</act:commodity-scu>
  <act:parent type="guid">9a57a9e84030623f129ff4d37b1c3103</act:parent>
</gnc:account>
<gnc:account version="2.0.0">
  <act:name>Miscellaneous</act:name>
  <act:id type="guid">ef2d7f4698c7079083e6a9b1408ca248</act:id>
  <act:type>EXPENSE</act:type>
  <act:commodity>
    <cmdty:space>CURRENCY</cmdty:space>
    <cmdty:id>BRL</cmdty:id>
  </act:commodity>
  <act:commodity-scu>100</act:commodity-scu>
  <act:description>Miscellaneous</act:description>
  <act:parent type="guid">42087051246fad5166035e01944d1037</act:parent>
</gnc:account>
<gnc:account version="2.0.0">
  <act:name>Mobile</act:name>
  <act:id type="guid">ae94428c918b52b95424801e693c1f89</act:id>
  <act:type>EXPENSE</act:type>
  <act:commodity>
    <cmdty:space>CURRENCY</cmdty:space>
    <cmdty:id>BRL</cmdty:id>
  </act:commodity>
  <act:commodity-scu>100</act:commodity-scu>
  <act:description>My Own Cellphone</act:description>
  <act:parent type="guid">42087051246fad5166035e01944d1037</act:parent>
</gnc:account>
<gnc:account version="2.0.0">
  <act:name>New Home</act:name>
  <act:id type="guid">e8677e2774976f0912f3c5b95f8bf8c9</act:id>
  <act:type>EXPENSE</act:type>
  <act:commodity>
    <cmdty:space>CURRENCY</cmdty:space>
    <cmdty:id>BRL</cmdty:id>
  </act:commodity>
  <act:commodity-scu>100</act:commodity-scu>
  <act:description>Assets for new home</act:description>
  <act:parent type="guid">42087051246fad5166035e01944d1037</act:parent>
</gnc:account>
<gnc:account version="2.0.0">
  <act:name>Online Services</act:name>
  <act:id type="guid">00148d3614619e41668e41862b1f140a</act:id>
  <act:type>EXPENSE</act:type>
  <act:commodity>
    <cmdty:space>CURRENCY</cmdty:space>
    <cmdty:id>BRL</cmdty:id>
  </act:commodity>
  <act:commodity-scu>100</act:commodity-scu>
  <act:description>Online Services</act:description>
  <act:parent type="guid">42087051246fad5166035e01944d1037</act:parent>
</gnc:account>
<gnc:account version="2.0.0">
  <act:name>Phone</act:name>
  <act:id type="guid">10ceae207269954b5e205584b804a300</act:id>
  <act:type>EXPENSE</act:type>
  <act:commodity>
    <cmdty:space>CURRENCY</cmdty:space>
    <cmdty:id>BRL</cmdty:id>
  </act:commodity>
  <act:commodity-scu>100</act:commodity-scu>
  <act:description>Phone</act:description>
  <act:parent type="guid">42087051246fad5166035e01944d1037</act:parent>
</gnc:account>
<gnc:account version="2.0.0">
  <act:name>PMS</act:name>
  <act:id type="guid">6433f4da4fa3a0cdb4e0c67fc7c79fa2</act:id>
  <act:type>EXPENSE</act:type>
  <act:commodity>
    <cmdty:space>CURRENCY</cmdty:space>
    <cmdty:id>BRL</cmdty:id>
  </act:commodity>
  <act:commodity-scu>100</act:commodity-scu>
  <act:parent type="guid">42087051246fad5166035e01944d1037</act:parent>
</gnc:account>
<gnc:account version="2.0.0">
  <act:name>Reajuste</act:name>
  <act:id type="guid">a5cb01fbfc682e7a93a2b8a71efe45ab</act:id>
  <act:type>EXPENSE</act:type>
  <act:commodity>
    <cmdty:space>CURRENCY</cmdty:space>
    <cmdty:id>BRL</cmdty:id>
  </act:commodity>
  <act:commodity-scu>100</act:commodity-scu>
  <act:parent type="guid">6433f4da4fa3a0cdb4e0c67fc7c79fa2</act:parent>
</gnc:account>
<gnc:account version="2.0.0">
  <act:name>Restaurant</act:name>
  <act:id type="guid">433946b60eb008a46160d8e5c3cfceed</act:id>
  <act:type>EXPENSE</act:type>
  <act:commodity>
    <cmdty:space>CURRENCY</cmdty:space>
    <cmdty:id>BRL</cmdty:id>
  </act:commodity>
  <act:commodity-scu>100</act:commodity-scu>
  <act:parent type="guid">42087051246fad5166035e01944d1037</act:parent>
</gnc:account>
<gnc:account version="2.0.0">
  <act:name>Breakfast</act:name>
  <act:id type="guid">8011b1428e0bb9c15aee3cfbbc6de4a8</act:id>
  <act:type>EXPENSE</act:type>
  <act:commodity>
    <cmdty:space>CURRENCY</cmdty:space>
    <cmdty:id>BRL</cmdty:id>
  </act:commodity>
  <act:commodity-scu>100</act:commodity-scu>
  <act:parent type="guid">433946b60eb008a46160d8e5c3cfceed</act:parent>
</gnc:account>
<gnc:account version="2.0.0">
  <act:name>Dainty</act:name>
  <act:id type="guid">bf706c35e2b8661702118fde75e6c40a</act:id>
  <act:type>EXPENSE</act:type>
  <act:commodity>
    <cmdty:space>CURRENCY</cmdty:space>
    <cmdty:id>BRL</cmdty:id>
  </act:commodity>
  <act:commodity-scu>100</act:commodity-scu>
  <act:parent type="guid">433946b60eb008a46160d8e5c3cfceed</act:parent>
</gnc:account>
<gnc:account version="2.0.0">
  <act:name>Dining</act:name>
  <act:id type="guid">1e7ae630da5dabffc78a02eea17fc223</act:id>
  <act:type>EXPENSE</act:type>
  <act:commodity>
    <cmdty:space>CURRENCY</cmdty:space>
    <cmdty:id>BRL</cmdty:id>
  </act:commodity>
  <act:commodity-scu>100</act:commodity-scu>
  <act:description>Dining</act:description>
  <act:parent type="guid">433946b60eb008a46160d8e5c3cfceed</act:parent>
</gnc:account>
<gnc:account version="2.0.0">
  <act:name>Lunch</act:name>
  <act:id type="guid">b532b184287dc3370feb6cfc6e316d5c</act:id>
  <act:type>EXPENSE</act:type>
  <act:commodity>
    <cmdty:space>CURRENCY</cmdty:space>
    <cmdty:id>BRL</cmdty:id>
  </act:commodity>
  <act:commodity-scu>100</act:commodity-scu>
  <act:parent type="guid">433946b60eb008a46160d8e5c3cfceed</act:parent>
</gnc:account>
<gnc:account version="2.0.0">
  <act:name>PMS</act:name>
  <act:id type="guid">ca66310fd5447a1f5126346d1ac4663f</act:id>
  <act:type>EXPENSE</act:type>
  <act:commodity>
    <cmdty:space>CURRENCY</cmdty:space>
    <cmdty:id>BRL</cmdty:id>
  </act:commodity>
  <act:commodity-scu>100</act:commodity-scu>
  <act:parent type="guid">433946b60eb008a46160d8e5c3cfceed</act:parent>
</gnc:account>
<gnc:account version="2.0.0">
  <act:name>Subscriptions</act:name>
  <act:id type="guid">c35331833f4fde228c172a51ddd641a7</act:id>
  <act:type>EXPENSE</act:type>
  <act:commodity>
    <cmdty:space>CURRENCY</cmdty:space>
    <cmdty:id>BRL</cmdty:id>
  </act:commodity>
  <act:commodity-scu>100</act:commodity-scu>
  <act:description>Subscriptions</act:description>
  <act:parent type="guid">42087051246fad5166035e01944d1037</act:parent>
</gnc:account>
<gnc:account version="2.0.0">
  <act:name>Supplies</act:name>
  <act:id type="guid">e214810c95b5bc3fbacdf29245796c0e</act:id>
  <act:type>EXPENSE</act:type>
  <act:commodity>
    <cmdty:space>CURRENCY</cmdty:space>
    <cmdty:id>BRL</cmdty:id>
  </act:commodity>
  <act:commodity-scu>100</act:commodity-scu>
  <act:description>Supplies</act:description>
  <act:parent type="guid">42087051246fad5166035e01944d1037</act:parent>
</gnc:account>
<gnc:account version="2.0.0">
  <act:name>Taxes</act:name>
  <act:id type="guid">a26a34c302c3b190be97b05cb232e6e5</act:id>
  <act:type>EXPENSE</act:type>
  <act:commodity>
    <cmdty:space>CURRENCY</cmdty:space>
    <cmdty:id>BRL</cmdty:id>
  </act:commodity>
  <act:commodity-scu>100</act:commodity-scu>
  <act:description>Taxes</act:description>
  <act:parent type="guid">42087051246fad5166035e01944d1037</act:parent>
</gnc:account>
<gnc:account version="2.0.0">
  <act:name>Auto</act:name>
  <act:id type="guid">59ecf70a15cba237f52eef6bfb1d4a8b</act:id>
  <act:type>EXPENSE</act:type>
  <act:commodity>
    <cmdty:space>CURRENCY</cmdty:space>
    <cmdty:id>BRL</cmdty:id>
  </act:commodity>
  <act:commodity-scu>100</act:commodity-scu>
  <act:parent type="guid">a26a34c302c3b190be97b05cb232e6e5</act:parent>
</gnc:account>
<gnc:account version="2.0.0">
  <act:name>DPVAT</act:name>
  <act:id type="guid">7812b7306ac34c486b6c2e95dae53c5a</act:id>
  <act:type>EXPENSE</act:type>
  <act:commodity>
    <cmdty:space>CURRENCY</cmdty:space>
    <cmdty:id>BRL</cmdty:id>
  </act:commodity>
  <act:commodity-scu>100</act:commodity-scu>
  <act:parent type="guid">59ecf70a15cba237f52eef6bfb1d4a8b</act:parent>
</gnc:account>
<gnc:account version="2.0.0">
  <act:name>Federal</act:name>
  <act:id type="guid">cb8b549e8416d28d0e70bfb80abba1b8</act:id>
  <act:type>EXPENSE</act:type>
  <act:commodity>
    <cmdty:space>CURRENCY</cmdty:space>
    <cmdty:id>BRL</cmdty:id>
  </act:commodity>
  <act:commodity-scu>100</act:commodity-scu>
  <act:description>Federal</act:description>
  <act:parent type="guid">a26a34c302c3b190be97b05cb232e6e5</act:parent>
</gnc:account>
<gnc:account version="2.0.0">
  <act:name>IRPF</act:name>
  <act:id type="guid">325ef8567e09142d190208e6eff036e5</act:id>
  <act:type>EXPENSE</act:type>
  <act:commodity>
    <cmdty:space>CURRENCY</cmdty:space>
    <cmdty:id>BRL</cmdty:id>
  </act:commodity>
  <act:commodity-scu>100</act:commodity-scu>
  <act:parent type="guid">a26a34c302c3b190be97b05cb232e6e5</act:parent>
</gnc:account>
<gnc:account version="2.0.0">
  <act:name>Medicare</act:name>
  <act:id type="guid">75d2e414c988756f3e535b271428957e</act:id>
  <act:type>EXPENSE</act:type>
  <act:commodity>
    <cmdty:space>CURRENCY</cmdty:space>
    <cmdty:id>BRL</cmdty:id>
  </act:commodity>
  <act:commodity-scu>100</act:commodity-scu>
  <act:description>Medicare</act:description>
  <act:parent type="guid">a26a34c302c3b190be97b05cb232e6e5</act:parent>
</gnc:account>
<gnc:account version="2.0.0">
  <act:name>Other Tax</act:name>
  <act:id type="guid">6d32d6d64e52531e218f7e6118073be5</act:id>
  <act:type>EXPENSE</act:type>
  <act:commodity>
    <cmdty:space>CURRENCY</cmdty:space>
    <cmdty:id>BRL</cmdty:id>
  </act:commodity>
  <act:commodity-scu>100</act:commodity-scu>
  <act:description>Other Tax</act:description>
  <act:parent type="guid">a26a34c302c3b190be97b05cb232e6e5</act:parent>
</gnc:account>
<gnc:account version="2.0.0">
  <act:name>Social Security</act:name>
  <act:id type="guid">bd0ed88c180d73eea4aa89f027c1513d</act:id>
  <act:type>EXPENSE</act:type>
  <act:commodity>
    <cmdty:space>CURRENCY</cmdty:space>
    <cmdty:id>BRL</cmdty:id>
  </act:commodity>
  <act:commodity-scu>100</act:commodity-scu>
  <act:description>Social Security</act:description>
  <act:parent type="guid">a26a34c302c3b190be97b05cb232e6e5</act:parent>
</gnc:account>
<gnc:account version="2.0.0">
  <act:name>State/Province</act:name>
  <act:id type="guid">9366427bc4caf93ab5d6098a07b99d68</act:id>
  <act:type>EXPENSE</act:type>
  <act:commodity>
    <cmdty:space>CURRENCY</cmdty:space>
    <cmdty:id>BRL</cmdty:id>
  </act:commodity>
  <act:commodity-scu>100</act:commodity-scu>
  <act:description>State/Province</act:description>
  <act:parent type="guid">a26a34c302c3b190be97b05cb232e6e5</act:parent>
</gnc:account>
<gnc:account version="2.0.0">
  <act:name>Transport</act:name>
  <act:id type="guid">deaeced2474aec620aa29e33124fe349</act:id>
  <act:type>EXPENSE</act:type>
  <act:commodity>
    <cmdty:space>CURRENCY</cmdty:space>
    <cmdty:id>BRL</cmdty:id>
  </act:commodity>
  <act:commodity-scu>100</act:commodity-scu>
  <act:slots>
    <slot>
      <slot:key>placeholder</slot:key>
      <slot:value type="string">true</slot:value>
    </slot>
  </act:slots>
  <act:parent type="guid">42087051246fad5166035e01944d1037</act:parent>
</gnc:account>
<gnc:account version="2.0.0">
  <act:name>Auto</act:name>
  <act:id type="guid">3c224d21d2580404e91c10070565ae7a</act:id>
  <act:type>EXPENSE</act:type>
  <act:commodity>
    <cmdty:space>CURRENCY</cmdty:space>
    <cmdty:id>BRL</cmdty:id>
  </act:commodity>
  <act:commodity-scu>100</act:commodity-scu>
  <act:description>Auto</act:description>
  <act:parent type="guid">deaeced2474aec620aa29e33124fe349</act:parent>
</gnc:account>
<gnc:account version="2.0.0">
  <act:name>Fees</act:name>
  <act:id type="guid">8b128e35a572b4940e6802a1cb7c271f</act:id>
  <act:type>EXPENSE</act:type>
  <act:commodity>
    <cmdty:space>CURRENCY</cmdty:space>
    <cmdty:id>BRL</cmdty:id>
  </act:commodity>
  <act:commodity-scu>100</act:commodity-scu>
  <act:description>Fees</act:description>
  <act:parent type="guid">3c224d21d2580404e91c10070565ae7a</act:parent>
</gnc:account>
<gnc:account version="2.0.0">
  <act:name>Gas</act:name>
  <act:id type="guid">60d654d61d10c2eddc303d84725a5616</act:id>
  <act:type>EXPENSE</act:type>
  <act:commodity>
    <cmdty:space>CURRENCY</cmdty:space>
    <cmdty:id>BRL</cmdty:id>
  </act:commodity>
  <act:commodity-scu>100</act:commodity-scu>
  <act:description>Gas</act:description>
  <act:parent type="guid">3c224d21d2580404e91c10070565ae7a</act:parent>
</gnc:account>
<gnc:account version="2.0.0">
  <act:name>Parking</act:name>
  <act:id type="guid">da761af7968f264cd87229cdf47a630d</act:id>
  <act:type>EXPENSE</act:type>
  <act:commodity>
    <cmdty:space>CURRENCY</cmdty:space>
    <cmdty:id>BRL</cmdty:id>
  </act:commodity>
  <act:commodity-scu>100</act:commodity-scu>
  <act:description>Parking</act:description>
  <act:parent type="guid">3c224d21d2580404e91c10070565ae7a</act:parent>
</gnc:account>
<gnc:account version="2.0.0">
  <act:name>Repair and Maintenance</act:name>
  <act:id type="guid">44ef4e8ea8dfa5912fd068ee9370c3fe</act:id>
  <act:type>EXPENSE</act:type>
  <act:commodity>
    <cmdty:space>CURRENCY</cmdty:space>
    <cmdty:id>BRL</cmdty:id>
  </act:commodity>
  <act:commodity-scu>100</act:commodity-scu>
  <act:description>Repair and Maintenance</act:description>
  <act:parent type="guid">3c224d21d2580404e91c10070565ae7a</act:parent>
</gnc:account>
<gnc:account version="2.0.0">
  <act:name>Brasão Motorcycle</act:name>
  <act:id type="guid">c206adf289610deb8ccd27c3c4216a8c</act:id>
  <act:type>EXPENSE</act:type>
  <act:commodity>
    <cmdty:space>CURRENCY</cmdty:space>
    <cmdty:id>BRL</cmdty:id>
  </act:commodity>
  <act:commodity-scu>100</act:commodity-scu>
  <act:parent type="guid">deaeced2474aec620aa29e33124fe349</act:parent>
</gnc:account>
<gnc:account version="2.0.0">
  <act:name>GAS</act:name>
  <act:id type="guid">e2f544cdde9805259c8ce50fe877ca23</act:id>
  <act:type>EXPENSE</act:type>
  <act:commodity>
    <cmdty:space>CURRENCY</cmdty:space>
    <cmdty:id>BRL</cmdty:id>
  </act:commodity>
  <act:commodity-scu>100</act:commodity-scu>
  <act:parent type="guid">c206adf289610deb8ccd27c3c4216a8c</act:parent>
</gnc:account>
<gnc:account version="2.0.0">
  <act:name>Public Transportation</act:name>
  <act:id type="guid">e2ae8844ecdd8c857c7be16eb0e7dc9a</act:id>
  <act:type>EXPENSE</act:type>
  <act:commodity>
    <cmdty:space>CURRENCY</cmdty:space>
    <cmdty:id>BRL</cmdty:id>
  </act:commodity>
  <act:commodity-scu>100</act:commodity-scu>
  <act:description>Public Transportation</act:description>
  <act:parent type="guid">deaeced2474aec620aa29e33124fe349</act:parent>
</gnc:account>
<gnc:account version="2.0.0">
  <act:name>Utilities</act:name>
  <act:id type="guid">52b2259d4167dca3af31591bbbb42bf9</act:id>
  <act:type>EXPENSE</act:type>
  <act:commodity>
    <cmdty:space>CURRENCY</cmdty:space>
    <cmdty:id>BRL</cmdty:id>
  </act:commodity>
  <act:commodity-scu>100</act:commodity-scu>
  <act:description>Utilities</act:description>
  <act:parent type="guid">42087051246fad5166035e01944d1037</act:parent>
</gnc:account>
<gnc:account version="2.0.0">
  <act:name>Electric</act:name>
  <act:id type="guid">04d0fef3655b89459bdc92fd34fed77e</act:id>
  <act:type>EXPENSE</act:type>
  <act:commodity>
    <cmdty:space>CURRENCY</cmdty:space>
    <cmdty:id>BRL</cmdty:id>
  </act:commodity>
  <act:commodity-scu>100</act:commodity-scu>
  <act:description>Electric</act:description>
  <act:parent type="guid">52b2259d4167dca3af31591bbbb42bf9</act:parent>
</gnc:account>
<gnc:account version="2.0.0">
  <act:name>Garbage collection</act:name>
  <act:id type="guid">abc89bb858267ad47d3c195f13dfc342</act:id>
  <act:type>EXPENSE</act:type>
  <act:commodity>
    <cmdty:space>CURRENCY</cmdty:space>
    <cmdty:id>BRL</cmdty:id>
  </act:commodity>
  <act:commodity-scu>100</act:commodity-scu>
  <act:description>Garbage collection</act:description>
  <act:parent type="guid">52b2259d4167dca3af31591bbbb42bf9</act:parent>
</gnc:account>
<gnc:account version="2.0.0">
  <act:name>Gas</act:name>
  <act:id type="guid">b1a7a0a829f21148a9383b8b83f7f6d7</act:id>
  <act:type>EXPENSE</act:type>
  <act:commodity>
    <cmdty:space>CURRENCY</cmdty:space>
    <cmdty:id>BRL</cmdty:id>
  </act:commodity>
  <act:commodity-scu>100</act:commodity-scu>
  <act:description>Gas</act:description>
  <act:parent type="guid">52b2259d4167dca3af31591bbbb42bf9</act:parent>
</gnc:account>
<gnc:account version="2.0.0">
  <act:name>Internet</act:name>
  <act:id type="guid">d1c53067c5daef3c2cc6aba008f060a7</act:id>
  <act:type>EXPENSE</act:type>
  <act:commodity>
    <cmdty:space>CURRENCY</cmdty:space>
    <cmdty:id>BRL</cmdty:id>
  </act:commodity>
  <act:commodity-scu>100</act:commodity-scu>
  <act:parent type="guid">52b2259d4167dca3af31591bbbb42bf9</act:parent>
</gnc:account>
<gnc:account version="2.0.0">
  <act:name>Water</act:name>
  <act:id type="guid">cf980efd8542186d99ccc144cd94db66</act:id>
  <act:type>EXPENSE</act:type>
  <act:commodity>
    <cmdty:space>CURRENCY</cmdty:space>
    <cmdty:id>BRL</cmdty:id>
  </act:commodity>
  <act:commodity-scu>100</act:commodity-scu>
  <act:description>Water</act:description>
  <act:parent type="guid">52b2259d4167dca3af31591bbbb42bf9</act:parent>
</gnc:account>
<gnc:account version="2.0.0">
  <act:name>Pets</act:name>
  <act:id type="guid">66437b9a1d78408789e19bc40d66d9d6</act:id>
  <act:type>EXPENSE</act:type>
  <act:commodity>
    <cmdty:space>CURRENCY</cmdty:space>
    <cmdty:id>BRL</cmdty:id>
  </act:commodity>
  <act:commodity-scu>100</act:commodity-scu>
  <act:slots>
    <slot>
      <slot:key>color</slot:key>
      <slot:value type="string">Not Set</slot:value>
    </slot>
  </act:slots>
  <act:parent type="guid">42087051246fad5166035e01944d1037</act:parent>
</gnc:account>
<gnc:account version="2.0.0">
  <act:name>Equity</act:name>
  <act:id type="guid">2416ff387ec9324d6dadbf21727a9270</act:id>
  <act:type>EQUITY</act:type>
  <act:commodity>
    <cmdty:space>CURRENCY</cmdty:space>
    <cmdty:id>BRL</cmdty:id>
  </act:commodity>
  <act:commodity-scu>100</act:commodity-scu>
  <act:description>Equity</act:description>
  <act:slots>
    <slot>
      <slot:key>placeholder</slot:key>
      <slot:value type="string">true</slot:value>
    </slot>
  </act:slots>
  <act:parent type="guid">f0dce4278cba9ec5835b973fb20ee567</act:parent>
</gnc:account>
<gnc:account version="2.0.0">
  <act:name>Opening Balances</act:name>
  <act:id type="guid">8319d1a24ebed11d2b9431138d9f49e4</act:id>
  <act:type>EQUITY</act:type>
  <act:commodity>
    <cmdty:space>CURRENCY</cmdty:space>
    <cmdty:id>BRL</cmdty:id>
  </act:commodity>
  <act:commodity-scu>100</act:commodity-scu>
  <act:description>Opening Balances</act:description>
  <act:parent type="guid">2416ff387ec9324d6dadbf21727a9270</act:parent>
</gnc:account>
<gnc:account version="2.0.0">
  <act:name>Imbalance-BRL</act:name>
  <act:id type="guid">cfe195534cec5f57d9cbf74fc281983d</act:id>
  <act:type>BANK</act:type>
  <act:commodity>
    <cmdty:space>CURRENCY</cmdty:space>
    <cmdty:id>BRL</cmdty:id>
  </act:commodity>
  <act:commodity-scu>100</act:commodity-scu>
  <act:parent type="guid">f0dce4278cba9ec5835b973fb20ee567</act:parent>
</gnc:account>
<gnc:account version="2.0.0">
  <act:name>nubank</act:name>
  <act:id type="guid">ea6e9de9376e4b2c8cf6c0bfc4b76aee</act:id>
  <act:type>BANK</act:type>
  <act:commodity>
    <cmdty:space>CURRENCY</cmdty:space>
    <cmdty:id>BRL</cmdty:id>
  </act:commodity>
  <act:commodity-scu>100</act:commodity-scu>
  <act:slots>
    <slot>
      <slot:key>color</slot:key>
      <slot:value type="string">Not Set</slot:value>
    </slot>
  </act:slots>
  <act:parent type="guid">cfe195534cec5f57d9cbf74fc281983d</act:parent>
</gnc:account>
<gnc:transaction version="2.0.0">
  <trn:id type="guid">f0f839447f59f365b577bb9fa0b2204a</trn:id>
  <trn:currency>
    <cmdty:space>CURRENCY</cmdty:space>
    <cmdty:id>BRL</cmdty:id>
  </trn:currency>
  <trn:date-posted>
    <ts:date>2017-01-02 08:59:00 -0200</ts:date>
  </trn:date-posted>
  <trn:date-entered>
    <ts:date>2017-01-09 22:24:53 -0200</ts:date>
  </trn:date-entered>
  <trn:description>CEI 000066 DINHEIRO</trn:description>
  <trn:slots>
    <slot>
      <slot:key>date-posted</slot:key>
      <slot:value type="gdate">
        <gdate>2017-01-02</gdate>
      </slot:value>
    </slot>
  </trn:slots>
  <trn:splits>
    <trn:split>
      <split:id type="guid">7957d020ea5c0e92972569378d204469</split:id>
      <split:reconciled-state>c</split:reconciled-state>
      <split:reconcile-date>
        <ts:date>2017-01-09 22:24:53 -0200</ts:date>
      </split:reconcile-date>
      <split:value>600/100</split:value>
      <split:quantity>600/100</split:quantity>
      <split:account type="guid">f8b2bde024e5815d994c4d14990fcb2b</split:account>
    </trn:split>
    <trn:split>
      <split:id type="guid">6a6a28012d0caea881480916bd30a403</split:id>
      <split:reconciled-state>n</split:reconciled-state>
      <split:value>-600/100</split:value>
      <split:quantity>-600/100</split:quantity>
      <split:account type="guid">345a37899503d980b59d104f618ca5f5</split:account>
    </trn:split>
  </trn:splits>
</gnc:transaction>
<gnc:transaction version="2.0.0">
  <trn:id type="guid">90e5b7c1b8022b50f4e71bdda65dbe27</trn:id>
  <trn:currency>
    <cmdty:space>CURRENCY</cmdty:space>
    <cmdty:id>BRL</cmdty:id>
  </trn:currency>
  <trn:date-posted>
    <ts:date>2017-01-04 08:59:00 -0200</ts:date>
  </trn:date-posted>
  <trn:date-entered>
    <ts:date>2017-01-09 22:24:53 -0200</ts:date>
  </trn:date-entered>
  <trn:description>CEI 000069 DINHEIRO</trn:description>
  <trn:slots>
    <slot>
      <slot:key>date-posted</slot:key>
      <slot:value type="gdate">
        <gdate>2017-01-04</gdate>
      </slot:value>
    </slot>
  </trn:slots>
  <trn:splits>
    <trn:split>
      <split:id type="guid">21feacfd03b2e14888afce7abd19c23c</split:id>
      <split:reconciled-state>c</split:reconciled-state>
      <split:reconcile-date>
        <ts:date>2017-01-09 22:24:53 -0200</ts:date>
      </split:reconcile-date>
      <split:value>2000/100</split:value>
      <split:quantity>2000/100</split:quantity>
      <split:account type="guid">f8b2bde024e5815d994c4d14990fcb2b</split:account>
    </trn:split>
    <trn:split>
      <split:id type="guid">8831bf1fca48b536e326ce8c683c75e0</split:id>
      <split:reconciled-state>n</split:reconciled-state>
      <split:value>-2000/100</split:value>
      <split:quantity>-2000/100</split:quantity>
      <split:account type="guid">345a37899503d980b59d104f618ca5f5</split:account>
    </trn:split>
  </trn:splits>
</gnc:transaction>
<gnc:transaction version="2.0.0">
  <trn:id type="guid">c996b531e1161871dc83cd4da2ad9afb</trn:id>
  <trn:currency>
    <cmdty:space>CURRENCY</cmdty:space>
    <cmdty:id>BRL</cmdty:id>
  </trn:currency>
  <trn:date-posted>
    <ts:date>2017-01-05 08:59:00 -0200</ts:date>
  </trn:date-posted>
  <trn:date-entered>
    <ts:date>2017-01-09 22:24:53 -0200</ts:date>
  </trn:date-entered>
  <trn:description>CXE 000240 SAQUE</trn:description>
  <trn:slots>
    <slot>
      <slot:key>date-posted</slot:key>
      <slot:value type="gdate">
        <gdate>2017-01-05</gdate>
      </slot:value>
    </slot>
  </trn:slots>
  <trn:splits>
    <trn:split>
      <split:id type="guid">a78313f7ca936415b77eadcf22fd6046</split:id>
      <split:reconciled-state>n</split:reconciled-state>
      <split:value>2000/100</split:value>
      <split:quantity>2000/100</split:quantity>
      <split:account type="guid">345a37899503d980b59d104f618ca5f5</split:account>
    </trn:split>
    <trn:split>
      <split:id type="guid">af7b908e7248e27167b96fe8ffd4b028</split:id>
      <split:reconciled-state>c</split:reconciled-state>
      <split:reconcile-date>
        <ts:date>2017-01-09 22:24:53 -0200</ts:date>
      </split:reconcile-date>
      <split:value>-2000/100</split:value>
      <split:quantity>-2000/100</split:quantity>
      <split:account type="guid">f8b2bde024e5815d994c4d14990fcb2b</split:account>
    </trn:split>
  </trn:splits>
</gnc:transaction>
<gnc:transaction version="2.0.0">
  <trn:id type="guid">b5a774fb31ea6d0bcd273ee910a7fab5</trn:id>
  <trn:currency>
    <cmdty:space>CURRENCY</cmdty:space>
    <cmdty:id>BRL</cmdty:id>
  </trn:currency>
  <trn:date-posted>
    <ts:date>2017-01-01 08:59:00 -0200</ts:date>
  </trn:date-posted>
  <trn:date-entered>
    <ts:date>2017-01-08 15:30:12 -0200</ts:date>
  </trn:date-entered>
  <trn:description>Opening Balances</trn:description>
  <trn:slots>
    <slot>
      <slot:key>date-posted</slot:key>
      <slot:value type="gdate">
        <gdate>2017-01-01</gdate>
      </slot:value>
    </slot>
    <slot>
      <slot:key>notes</slot:key>
      <slot:value type="string"></slot:value>
    </slot>
  </trn:slots>
  <trn:splits>
    <trn:split>
      <split:id type="guid">715cbffb279cd2607edcb0d85a19c14a</split:id>
      <split:reconciled-state>n</split:reconciled-state>
      <split:value>69673/100</split:value>
      <split:quantity>69673/100</split:quantity>
      <split:account type="guid">4dc0a77874ab38b454a52f6c4f853a1b</split:account>
    </trn:split>
    <trn:split>
      <split:id type="guid">182e06b74110ec95a384e45b652d2c98</split:id>
      <split:reconciled-state>n</split:reconciled-state>
      <split:value>-69673/100</split:value>
      <split:quantity>-69673/100</split:quantity>
      <split:account type="guid">8319d1a24ebed11d2b9431138d9f49e4</split:account>
    </trn:split>
  </trn:splits>
</gnc:transaction>
<gnc:transaction version="2.0.0">
  <trn:id type="guid">1e47a81e1d81a7e43fff96b45b21cec0</trn:id>
  <trn:currency>
    <cmdty:space>CURRENCY</cmdty:space>
    <cmdty:id>BRL</cmdty:id>
  </trn:currency>
  <trn:date-posted>
    <ts:date>2017-01-01 08:59:00 -0200</ts:date>
  </trn:date-posted>
  <trn:date-entered>
    <ts:date>2017-01-08 15:29:19 -0200</ts:date>
  </trn:date-entered>
  <trn:description>Opening Balances</trn:description>
  <trn:slots>
    <slot>
      <slot:key>date-posted</slot:key>
      <slot:value type="gdate">
        <gdate>2017-01-01</gdate>
      </slot:value>
    </slot>
    <slot>
      <slot:key>notes</slot:key>
      <slot:value type="string"></slot:value>
    </slot>
  </trn:slots>
  <trn:splits>
    <trn:split>
      <split:id type="guid">a7afd155027aacb9cb8ccc6390ab0561</split:id>
      <split:reconciled-state>n</split:reconciled-state>
      <split:value>100000/100</split:value>
      <split:quantity>100000/100</split:quantity>
      <split:account type="guid">7382cbc2caffc0d762385df903123e7c</split:account>
    </trn:split>
    <trn:split>
      <split:id type="guid">14eabcbf3e6592d53403216291d679c0</split:id>
      <split:reconciled-state>n</split:reconciled-state>
      <split:value>-100000/100</split:value>
      <split:quantity>-100000/100</split:quantity>
      <split:account type="guid">8319d1a24ebed11d2b9431138d9f49e4</split:account>
    </trn:split>
  </trn:splits>
</gnc:transaction>
<gnc:transaction version="2.0.0">
  <trn:id type="guid">79bea13e1151c35950837c288265e71d</trn:id>
  <trn:currency>
    <cmdty:space>CURRENCY</cmdty:space>
    <cmdty:id>BRL</cmdty:id>
  </trn:currency>
  <trn:date-posted>
    <ts:date>2017-01-01 08:59:00 -0200</ts:date>
  </trn:date-posted>
  <trn:date-entered>
    <ts:date>2017-01-08 15:27:07 -0200</ts:date>
  </trn:date-entered>
  <trn:description>Opening Balances</trn:description>
  <trn:slots>
    <slot>
      <slot:key>date-posted</slot:key>
      <slot:value type="gdate">
        <gdate>2017-01-01</gdate>
      </slot:value>
    </slot>
    <slot>
      <slot:key>notes</slot:key>
      <slot:value type="string"></slot:value>
    </slot>
  </trn:slots>
  <trn:splits>
    <trn:split>
      <split:id type="guid">37719ce4949bc5d1876cf5cdc0a94f8a</split:id>
      <split:reconciled-state>n</split:reconciled-state>
      <split:value>1359/100</split:value>
      <split:quantity>1359/100</split:quantity>
      <split:account type="guid">8f7252c9dc4adb54ba86317cf0333a12</split:account>
    </trn:split>
    <trn:split>
      <split:id type="guid">a806a45f377573d618edd06e1a48997c</split:id>
      <split:reconciled-state>n</split:reconciled-state>
      <split:value>-1359/100</split:value>
      <split:quantity>-1359/100</split:quantity>
      <split:account type="guid">8319d1a24ebed11d2b9431138d9f49e4</split:account>
    </trn:split>
  </trn:splits>
</gnc:transaction>
<gnc:transaction version="2.0.0">
  <trn:id type="guid">a2c9186910227431c0e2b09a182eda22</trn:id>
  <trn:currency>
    <cmdty:space>CURRENCY</cmdty:space>
    <cmdty:id>BRL</cmdty:id>
  </trn:currency>
  <trn:date-posted>
    <ts:date>2017-01-01 08:59:00 -0200</ts:date>
  </trn:date-posted>
  <trn:date-entered>
    <ts:date>2017-01-08 15:21:22 -0200</ts:date>
  </trn:date-entered>
  <trn:description>Opening Balances</trn:description>
  <trn:slots>
    <slot>
      <slot:key>date-posted</slot:key>
      <slot:value type="gdate">
        <gdate>2017-01-01</gdate>
      </slot:value>
    </slot>
    <slot>
      <slot:key>notes</slot:key>
      <slot:value type="string"></slot:value>
    </slot>
  </trn:slots>
  <trn:splits>
    <trn:split>
      <split:id type="guid">9d6fa678b402f449742d8c12b893dd3e</split:id>
      <split:reconciled-state>n</split:reconciled-state>
      <split:value>64338/100</split:value>
      <split:quantity>64338/100</split:quantity>
      <split:account type="guid">7599920795a08987915c26f42cd2a699</split:account>
    </trn:split>
    <trn:split>
      <split:id type="guid">fb1848637b8124c47a7533593debacf9</split:id>
      <split:reconciled-state>n</split:reconciled-state>
      <split:value>-64338/100</split:value>
      <split:quantity>-64338/100</split:quantity>
      <split:account type="guid">8319d1a24ebed11d2b9431138d9f49e4</split:account>
    </trn:split>
  </trn:splits>
</gnc:transaction>
<gnc:transaction version="2.0.0">
  <trn:id type="guid">864c7110e3750a0509050a79cb8fb96f</trn:id>
  <trn:currency>
    <cmdty:space>CURRENCY</cmdty:space>
    <cmdty:id>BRL</cmdty:id>
  </trn:currency>
  <trn:date-posted>
    <ts:date>2017-01-01 08:59:00 -0200</ts:date>
  </trn:date-posted>
  <trn:date-entered>
    <ts:date>2017-01-08 15:17:26 -0200</ts:date>
  </trn:date-entered>
  <trn:description>Opening Balances</trn:description>
  <trn:slots>
    <slot>
      <slot:key>date-posted</slot:key>
      <slot:value type="gdate">
        <gdate>2017-01-01</gdate>
      </slot:value>
    </slot>
    <slot>
      <slot:key>notes</slot:key>
      <slot:value type="string"></slot:value>
    </slot>
  </trn:slots>
  <trn:splits>
    <trn:split>
      <split:id type="guid">3e2ab7bceab6ef2b58a866590c588d1e</split:id>
      <split:reconciled-state>n</split:reconciled-state>
      <split:value>44078/100</split:value>
      <split:quantity>44078/100</split:quantity>
      <split:account type="guid">b574f1db817653a26d9d96de1c3b9abf</split:account>
    </trn:split>
    <trn:split>
      <split:id type="guid">297ef52c1b0a8288cf66c181d902cbfc</split:id>
      <split:reconciled-state>n</split:reconciled-state>
      <split:value>-44078/100</split:value>
      <split:quantity>-44078/100</split:quantity>
      <split:account type="guid">8319d1a24ebed11d2b9431138d9f49e4</split:account>
    </trn:split>
  </trn:splits>
</gnc:transaction>
<gnc:transaction version="2.0.0">
  <trn:id type="guid">d2ad5d652fd4da8eb932a72c6fd95715</trn:id>
  <trn:currency>
    <cmdty:space>CURRENCY</cmdty:space>
    <cmdty:id>BRL</cmdty:id>
  </trn:currency>
  <trn:date-posted>
    <ts:date>2017-01-01 08:59:00 -0200</ts:date>
  </trn:date-posted>
  <trn:date-entered>
    <ts:date>2017-01-08 15:17:11 -0200</ts:date>
  </trn:date-entered>
  <trn:description>Opening Balances</trn:description>
  <trn:slots>
    <slot>
      <slot:key>date-posted</slot:key>
      <slot:value type="gdate">
        <gdate>2017-01-01</gdate>
      </slot:value>
    </slot>
  </trn:slots>
  <trn:splits>
    <trn:split>
      <split:id type="guid">799c6b917fb64825dc9de20900dbae63</split:id>
      <split:reconciled-state>n</split:reconciled-state>
      <split:value>504788/100</split:value>
      <split:quantity>504788/100</split:quantity>
      <split:account type="guid">f8b2bde024e5815d994c4d14990fcb2b</split:account>
    </trn:split>
    <trn:split>
      <split:id type="guid">6919501fc078612b34dbf8290a938ef2</split:id>
      <split:reconciled-state>n</split:reconciled-state>
      <split:value>-504788/100</split:value>
      <split:quantity>-504788/100</split:quantity>
      <split:account type="guid">8319d1a24ebed11d2b9431138d9f49e4</split:account>
    </trn:split>
  </trn:splits>
</gnc:transaction>
<gnc:transaction version="2.0.0">
  <trn:id type="guid">a73aea0c161bf038c8676dfca4c7ac80</trn:id>
  <trn:currency>
    <cmdty:space>CURRENCY</cmdty:space>
    <cmdty:id>BRL</cmdty:id>
  </trn:currency>
  <trn:date-posted>
    <ts:date>2017-01-02 08:59:00 -0200</ts:date>
  </trn:date-posted>
  <trn:date-entered>
    <ts:date>2017-01-09 22:24:53 -0200</ts:date>
  </trn:date-entered>
  <trn:description>CEI 000065 DINHEIRO</trn:description>
  <trn:slots>
    <slot>
      <slot:key>date-posted</slot:key>
      <slot:value type="gdate">
        <gdate>2017-01-02</gdate>
      </slot:value>
    </slot>
  </trn:slots>
  <trn:splits>
    <trn:split>
      <split:id type="guid">be3bd60ec6142ebe0f79241e4d3b9dec</split:id>
      <split:reconciled-state>c</split:reconciled-state>
      <split:reconcile-date>
        <ts:date>2017-01-09 22:24:53 -0200</ts:date>
      </split:reconcile-date>
      <split:value>75000/100</split:value>
      <split:quantity>75000/100</split:quantity>
      <split:account type="guid">f8b2bde024e5815d994c4d14990fcb2b</split:account>
    </trn:split>
    <trn:split>
      <split:id type="guid">1e596b17a95565942cfaf6391768a531</split:id>
      <split:reconciled-state>n</split:reconciled-state>
      <split:value>-75000/100</split:value>
      <split:quantity>-75000/100</split:quantity>
      <split:account type="guid">dbfbb30c6ae5bb7879cd214c7cc2b393</split:account>
    </trn:split>
  </trn:splits>
</gnc:transaction>
<gnc:transaction version="2.0.0">
  <trn:id type="guid">e31b7bdb7987b9bbe3bdcf3e72e0f0b8</trn:id>
  <trn:currency>
    <cmdty:space>CURRENCY</cmdty:space>
    <cmdty:id>BRL</cmdty:id>
  </trn:currency>
  <trn:date-posted>
    <ts:date>2017-01-02 08:59:00 -0200</ts:date>
  </trn:date-posted>
  <trn:date-entered>
    <ts:date>2017-01-09 22:24:53 -0200</ts:date>
  </trn:date-entered>
  <trn:description>CEI 000067 DINHEIRO</trn:description>
  <trn:slots>
    <slot>
      <slot:key>date-posted</slot:key>
      <slot:value type="gdate">
        <gdate>2017-01-02</gdate>
      </slot:value>
    </slot>
  </trn:slots>
  <trn:splits>
    <trn:split>
      <split:id type="guid">c0c00756d483d383a4a083842d59e854</split:id>
      <split:reconciled-state>c</split:reconciled-state>
      <split:reconcile-date>
        <ts:date>2017-01-09 22:24:53 -0200</ts:date>
      </split:reconcile-date>
      <split:value>16000/100</split:value>
      <split:quantity>16000/100</split:quantity>
      <split:account type="guid">f8b2bde024e5815d994c4d14990fcb2b</split:account>
    </trn:split>
    <trn:split>
      <split:id type="guid">0b9bf2639ac16720effe0cd293928efc</split:id>
      <split:reconciled-state>n</split:reconciled-state>
      <split:value>-16000/100</split:value>
      <split:quantity>-16000/100</split:quantity>
      <split:account type="guid">52af0a3f4b998936e4eabc63bf464873</split:account>
    </trn:split>
  </trn:splits>
</gnc:transaction>
<gnc:transaction version="2.0.0">
  <trn:id type="guid">086049a66bd889b98ec7e1efee2fc79b</trn:id>
  <trn:currency>
    <cmdty:space>CURRENCY</cmdty:space>
    <cmdty:id>BRL</cmdty:id>
  </trn:currency>
  <trn:date-posted>
    <ts:date>2017-01-02 08:59:00 -0200</ts:date>
  </trn:date-posted>
  <trn:date-entered>
    <ts:date>2017-01-09 22:24:53 -0200</ts:date>
  </trn:date-entered>
  <trn:description>INT LICENC SP 3461049387</trn:description>
  <trn:slots>
    <slot>
      <slot:key>date-posted</slot:key>
      <slot:value type="gdate">
        <gdate>2017-01-02</gdate>
      </slot:value>
    </slot>
  </trn:slots>
  <trn:splits>
    <trn:split>
      <split:id type="guid">f808ab86650b1c757cd16592d756adc7</split:id>
      <split:reconciled-state>n</split:reconciled-state>
      <split:value>58046/100</split:value>
      <split:quantity>58046/100</split:quantity>
      <split:account type="guid">59ecf70a15cba237f52eef6bfb1d4a8b</split:account>
    </trn:split>
    <trn:split>
      <split:id type="guid">e1e3e5d097379aa91a1393b259e7b140</split:id>
      <split:reconciled-state>c</split:reconciled-state>
      <split:reconcile-date>
        <ts:date>2017-01-09 22:24:53 -0200</ts:date>
      </split:reconcile-date>
      <split:value>-58046/100</split:value>
      <split:quantity>-58046/100</split:quantity>
      <split:account type="guid">f8b2bde024e5815d994c4d14990fcb2b</split:account>
    </trn:split>
  </trn:splits>
</gnc:transaction>
<gnc:transaction version="2.0.0">
  <trn:id type="guid">0a762fa120fc4ca1b08b37d0d75f60a0</trn:id>
  <trn:currency>
    <cmdty:space>CURRENCY</cmdty:space>
    <cmdty:id>BRL</cmdty:id>
  </trn:currency>
  <trn:date-posted>
    <ts:date>2017-01-02 08:59:00 -0200</ts:date>
  </trn:date-posted>
  <trn:date-entered>
    <ts:date>2017-01-09 22:24:53 -0200</ts:date>
  </trn:date-entered>
  <trn:description>INT LICENC SP 3461049387</trn:description>
  <trn:slots>
    <slot>
      <slot:key>date-posted</slot:key>
      <slot:value type="gdate">
        <gdate>2017-01-02</gdate>
      </slot:value>
    </slot>
  </trn:slots>
  <trn:splits>
    <trn:split>
      <split:id type="guid">f18a888ee544aeb7c12c3c9e6348d3b8</split:id>
      <split:reconciled-state>n</split:reconciled-state>
      <split:value>32228/100</split:value>
      <split:quantity>32228/100</split:quantity>
      <split:account type="guid">59ecf70a15cba237f52eef6bfb1d4a8b</split:account>
    </trn:split>
    <trn:split>
      <split:id type="guid">16f7205b9e3b665c9ba67f10763f4af6</split:id>
      <split:reconciled-state>c</split:reconciled-state>
      <split:reconcile-date>
        <ts:date>2017-01-09 22:24:53 -0200</ts:date>
      </split:reconcile-date>
      <split:value>-32228/100</split:value>
      <split:quantity>-32228/100</split:quantity>
      <split:account type="guid">f8b2bde024e5815d994c4d14990fcb2b</split:account>
    </trn:split>
  </trn:splits>
</gnc:transaction>
<gnc:transaction version="2.0.0">
  <trn:id type="guid">e37ddfc3a6eff60346ae7a25da89bbec</trn:id>
  <trn:currency>
    <cmdty:space>CURRENCY</cmdty:space>
    <cmdty:id>BRL</cmdty:id>
  </trn:currency>
  <trn:date-posted>
    <ts:date>2017-01-02 08:59:00 -0200</ts:date>
  </trn:date-posted>
  <trn:date-entered>
    <ts:date>2017-01-09 22:24:53 -0200</ts:date>
  </trn:date-entered>
  <trn:description>RSHOP-EDIMONS CAF-02/01</trn:description>
  <trn:slots>
    <slot>
      <slot:key>date-posted</slot:key>
      <slot:value type="gdate">
        <gdate>2017-01-02</gdate>
      </slot:value>
    </slot>
  </trn:slots>
  <trn:splits>
    <trn:split>
      <split:id type="guid">e84072e3568b4ac5f9ceea1506c8ce2c</split:id>
      <split:reconciled-state>n</split:reconciled-state>
      <split:value>1589/100</split:value>
      <split:quantity>1589/100</split:quantity>
      <split:account type="guid">ca66310fd5447a1f5126346d1ac4663f</split:account>
    </trn:split>
    <trn:split>
      <split:id type="guid">9b97f2872d25a77a81cdd2506f96be92</split:id>
      <split:reconciled-state>c</split:reconciled-state>
      <split:reconcile-date>
        <ts:date>2017-01-09 22:24:53 -0200</ts:date>
      </split:reconcile-date>
      <split:value>-1589/100</split:value>
      <split:quantity>-1589/100</split:quantity>
      <split:account type="guid">f8b2bde024e5815d994c4d14990fcb2b</split:account>
    </trn:split>
  </trn:splits>
</gnc:transaction>
<gnc:transaction version="2.0.0">
  <trn:id type="guid">66a368c81f234c32f9983e60bc58c172</trn:id>
  <trn:currency>
    <cmdty:space>CURRENCY</cmdty:space>
    <cmdty:id>BRL</cmdty:id>
  </trn:currency>
  <trn:date-posted>
    <ts:date>2017-01-02 08:59:00 -0200</ts:date>
  </trn:date-posted>
  <trn:date-entered>
    <ts:date>2017-01-09 22:24:53 -0200</ts:date>
  </trn:date-entered>
  <trn:description>RSHOP-SUPERMERCAD-02/01</trn:description>
  <trn:slots>
    <slot>
      <slot:key>date-posted</slot:key>
      <slot:value type="gdate">
        <gdate>2017-01-02</gdate>
      </slot:value>
    </slot>
  </trn:slots>
  <trn:splits>
    <trn:split>
      <split:id type="guid">851fdf9b0821963d6aefa78b317f2bce</split:id>
      <split:reconciled-state>n</split:reconciled-state>
      <split:value>798/100</split:value>
      <split:quantity>798/100</split:quantity>
      <split:account type="guid">e3614b563f2d675a652123806e017dd0</split:account>
    </trn:split>
    <trn:split>
      <split:id type="guid">d910443f8d9a39683ea5b23997a1f6ea</split:id>
      <split:reconciled-state>c</split:reconciled-state>
      <split:reconcile-date>
        <ts:date>2017-01-09 22:24:53 -0200</ts:date>
      </split:reconcile-date>
      <split:value>-798/100</split:value>
      <split:quantity>-798/100</split:quantity>
      <split:account type="guid">f8b2bde024e5815d994c4d14990fcb2b</split:account>
    </trn:split>
  </trn:splits>
</gnc:transaction>
<gnc:transaction version="2.0.0">
  <trn:id type="guid">b62868b8f2e563000f970b38be3da2d4</trn:id>
  <trn:currency>
    <cmdty:space>CURRENCY</cmdty:space>
    <cmdty:id>BRL</cmdty:id>
  </trn:currency>
  <trn:date-posted>
    <ts:date>2017-01-03 08:59:00 -0200</ts:date>
  </trn:date-posted>
  <trn:date-entered>
    <ts:date>2017-01-09 22:24:53 -0200</ts:date>
  </trn:date-entered>
  <trn:description>INT PAG TIT BANCO 237</trn:description>
  <trn:slots>
    <slot>
      <slot:key>date-posted</slot:key>
      <slot:value type="gdate">
        <gdate>2017-01-03</gdate>
      </slot:value>
    </slot>
  </trn:slots>
  <trn:splits>
    <trn:split>
      <split:id type="guid">87439be40b3f8d3b6dbbe0a3577e85b6</split:id>
      <split:reconciled-state>n</split:reconciled-state>
      <split:value>64574/100</split:value>
      <split:quantity>64574/100</split:quantity>
      <split:account type="guid">cfe195534cec5f57d9cbf74fc281983d</split:account>
    </trn:split>
    <trn:split>
      <split:id type="guid">d913768eea19d879607ebae4e3548d4f</split:id>
      <split:reconciled-state>c</split:reconciled-state>
      <split:reconcile-date>
        <ts:date>2017-01-09 22:24:53 -0200</ts:date>
      </split:reconcile-date>
      <split:value>-64574/100</split:value>
      <split:quantity>-64574/100</split:quantity>
      <split:account type="guid">f8b2bde024e5815d994c4d14990fcb2b</split:account>
    </trn:split>
  </trn:splits>
</gnc:transaction>
<gnc:transaction version="2.0.0">
  <trn:id type="guid">54bfd0422ff293127421eae988c6da60</trn:id>
  <trn:currency>
    <cmdty:space>CURRENCY</cmdty:space>
    <cmdty:id>BRL</cmdty:id>
  </trn:currency>
  <trn:date-posted>
    <ts:date>2017-01-03 08:59:00 -0200</ts:date>
  </trn:date-posted>
  <trn:date-entered>
    <ts:date>2017-01-09 22:24:53 -0200</ts:date>
  </trn:date-entered>
  <trn:description>REND PAGO APLIC AUT MAIS</trn:description>
  <trn:slots>
    <slot>
      <slot:key>date-posted</slot:key>
      <slot:value type="gdate">
        <gdate>2017-01-03</gdate>
      </slot:value>
    </slot>
  </trn:slots>
  <trn:splits>
    <trn:split>
      <split:id type="guid">363d8a2fb0cf64d952a8087d8ca3e37c</split:id>
      <split:reconciled-state>c</split:reconciled-state>
      <split:reconcile-date>
        <ts:date>2017-01-09 22:24:53 -0200</ts:date>
      </split:reconcile-date>
      <split:value>3/100</split:value>
      <split:quantity>3/100</split:quantity>
      <split:account type="guid">f8b2bde024e5815d994c4d14990fcb2b</split:account>
    </trn:split>
    <trn:split>
      <split:id type="guid">d074b3babb16f3ce514e45f8ad3af533</split:id>
      <split:reconciled-state>n</split:reconciled-state>
      <split:value>-3/100</split:value>
      <split:quantity>-3/100</split:quantity>
      <split:account type="guid">aa8f92b7beecc595a4584d48ee02a23b</split:account>
    </trn:split>
  </trn:splits>
</gnc:transaction>
<gnc:transaction version="2.0.0">
  <trn:id type="guid">890922dc24f2f824abaa0189522969ed</trn:id>
  <trn:currency>
    <cmdty:space>CURRENCY</cmdty:space>
    <cmdty:id>BRL</cmdty:id>
  </trn:currency>
  <trn:date-posted>
    <ts:date>2017-01-04 08:59:00 -0200</ts:date>
  </trn:date-posted>
  <trn:date-entered>
    <ts:date>2017-01-09 22:24:53 -0200</ts:date>
  </trn:date-entered>
  <trn:description>CEI 000068 DINHEIRO</trn:description>
  <trn:slots>
    <slot>
      <slot:key>date-posted</slot:key>
      <slot:value type="gdate">
        <gdate>2017-01-04</gdate>
      </slot:value>
    </slot>
  </trn:slots>
  <trn:splits>
    <trn:split>
      <split:id type="guid">9b9f3f1d53d8dd1224ee7b7558368138</split:id>
      <split:reconciled-state>c</split:reconciled-state>
      <split:reconcile-date>
        <ts:date>2017-01-09 22:24:53 -0200</ts:date>
      </split:reconcile-date>
      <split:value>4000/100</split:value>
      <split:quantity>4000/100</split:quantity>
      <split:account type="guid">f8b2bde024e5815d994c4d14990fcb2b</split:account>
    </trn:split>
    <trn:split>
      <split:id type="guid">c5ac7887058a950149138cd70244e6b9</split:id>
      <split:reconciled-state>n</split:reconciled-state>
      <split:value>-4000/100</split:value>
      <split:quantity>-4000/100</split:quantity>
      <split:account type="guid">dbfbb30c6ae5bb7879cd214c7cc2b393</split:account>
    </trn:split>
  </trn:splits>
</gnc:transaction>
<gnc:transaction version="2.0.0">
  <trn:id type="guid">921a1fec1efde5e5a4e283169a79c377</trn:id>
  <trn:currency>
    <cmdty:space>CURRENCY</cmdty:space>
    <cmdty:id>BRL</cmdty:id>
  </trn:currency>
  <trn:date-posted>
    <ts:date>2017-01-04 08:59:00 -0200</ts:date>
  </trn:date-posted>
  <trn:date-entered>
    <ts:date>2017-01-09 22:24:53 -0200</ts:date>
  </trn:date-entered>
  <trn:description>RSHOP-EDIMONS CAF-04/01</trn:description>
  <trn:slots>
    <slot>
      <slot:key>date-posted</slot:key>
      <slot:value type="gdate">
        <gdate>2017-01-04</gdate>
      </slot:value>
    </slot>
  </trn:slots>
  <trn:splits>
    <trn:split>
      <split:id type="guid">962a5176bba620c0117fdc23a82b07b2</split:id>
      <split:reconciled-state>n</split:reconciled-state>
      <split:value>1929/100</split:value>
      <split:quantity>1929/100</split:quantity>
      <split:account type="guid">ca66310fd5447a1f5126346d1ac4663f</split:account>
    </trn:split>
    <trn:split>
      <split:id type="guid">f75397856f317908bb48525ab921e7ae</split:id>
      <split:reconciled-state>c</split:reconciled-state>
      <split:reconcile-date>
        <ts:date>2017-01-09 22:24:53 -0200</ts:date>
      </split:reconcile-date>
      <split:value>-1929/100</split:value>
      <split:quantity>-1929/100</split:quantity>
      <split:account type="guid">f8b2bde024e5815d994c4d14990fcb2b</split:account>
    </trn:split>
  </trn:splits>
</gnc:transaction>
<gnc:transaction version="2.0.0">
  <trn:id type="guid">b30f0cfa4a4c6e372d6f2ff4aefa2a03</trn:id>
  <trn:currency>
    <cmdty:space>CURRENCY</cmdty:space>
    <cmdty:id>BRL</cmdty:id>
  </trn:currency>
  <trn:date-posted>
    <ts:date>2017-01-05 08:59:00 -0200</ts:date>
  </trn:date-posted>
  <trn:date-entered>
    <ts:date>2017-01-09 22:24:53 -0200</ts:date>
  </trn:date-entered>
  <trn:description>INT PAG TIT BANCO 237</trn:description>
  <trn:slots>
    <slot>
      <slot:key>date-posted</slot:key>
      <slot:value type="gdate">
        <gdate>2017-01-05</gdate>
      </slot:value>
    </slot>
  </trn:slots>
  <trn:splits>
    <trn:split>
      <split:id type="guid">1696db815a8d5981987ea866af2b3255</split:id>
      <split:reconciled-state>n</split:reconciled-state>
      <split:value>4192/100</split:value>
      <split:quantity>4192/100</split:quantity>
      <split:account type="guid">cfe195534cec5f57d9cbf74fc281983d</split:account>
    </trn:split>
    <trn:split>
      <split:id type="guid">a7874029f2a46a6a92dc51c48d83909a</split:id>
      <split:reconciled-state>c</split:reconciled-state>
      <split:reconcile-date>
        <ts:date>2017-01-09 22:24:53 -0200</ts:date>
      </split:reconcile-date>
      <split:value>-4192/100</split:value>
      <split:quantity>-4192/100</split:quantity>
      <split:account type="guid">f8b2bde024e5815d994c4d14990fcb2b</split:account>
    </trn:split>
  </trn:splits>
</gnc:transaction>
<gnc:transaction version="2.0.0">
  <trn:id type="guid">77ea832576d483c4cb7cc2997fc93e43</trn:id>
  <trn:currency>
    <cmdty:space>CURRENCY</cmdty:space>
    <cmdty:id>BRL</cmdty:id>
  </trn:currency>
  <trn:date-posted>
    <ts:date>2017-01-05 08:59:00 -0200</ts:date>
  </trn:date-posted>
  <trn:date-entered>
    <ts:date>2017-01-09 22:24:53 -0200</ts:date>
  </trn:date-entered>
  <trn:description>INT PAG TIT BANCO 422</trn:description>
  <trn:slots>
    <slot>
      <slot:key>date-posted</slot:key>
      <slot:value type="gdate">
        <gdate>2017-01-05</gdate>
      </slot:value>
    </slot>
  </trn:slots>
  <trn:splits>
    <trn:split>
      <split:id type="guid">f00449499481ce7bedb5c016621f1086</split:id>
      <split:reconciled-state>n</split:reconciled-state>
      <split:value>242514/100</split:value>
      <split:quantity>242514/100</split:quantity>
      <split:account type="guid">cfe195534cec5f57d9cbf74fc281983d</split:account>
    </trn:split>
    <trn:split>
      <split:id type="guid">7e4702c38c4fffb4f2b55cb9bce14c7a</split:id>
      <split:reconciled-state>c</split:reconciled-state>
      <split:reconcile-date>
        <ts:date>2017-01-09 22:24:53 -0200</ts:date>
      </split:reconcile-date>
      <split:value>-242514/100</split:value>
      <split:quantity>-242514/100</split:quantity>
      <split:account type="guid">f8b2bde024e5815d994c4d14990fcb2b</split:account>
    </trn:split>
  </trn:splits>
</gnc:transaction>
<gnc:transaction version="2.0.0">
  <trn:id type="guid">e382b53dfed8fb9c35f3141a2f461448</trn:id>
  <trn:currency>
    <cmdty:space>CURRENCY</cmdty:space>
    <cmdty:id>BRL</cmdty:id>
  </trn:currency>
  <trn:date-posted>
    <ts:date>2017-01-05 08:59:00 -0200</ts:date>
  </trn:date-posted>
  <trn:date-entered>
    <ts:date>2017-01-09 22:24:53 -0200</ts:date>
  </trn:date-entered>
  <trn:description>REND PAGO APLIC AUT MAIS</trn:description>
  <trn:slots>
    <slot>
      <slot:key>date-posted</slot:key>
      <slot:value type="gdate">
        <gdate>2017-01-05</gdate>
      </slot:value>
    </slot>
  </trn:slots>
  <trn:splits>
    <trn:split>
      <split:id type="guid">9959b4a2f160be2865b43c3a257b2874</split:id>
      <split:reconciled-state>c</split:reconciled-state>
      <split:reconcile-date>
        <ts:date>2017-01-09 22:24:53 -0200</ts:date>
      </split:reconcile-date>
      <split:value>7/100</split:value>
      <split:quantity>7/100</split:quantity>
      <split:account type="guid">f8b2bde024e5815d994c4d14990fcb2b</split:account>
    </trn:split>
    <trn:split>
      <split:id type="guid">78abf93728bc23f36d4be4de8b5bc674</split:id>
      <split:reconciled-state>n</split:reconciled-state>
      <split:value>-7/100</split:value>
      <split:quantity>-7/100</split:quantity>
      <split:account type="guid">aa8f92b7beecc595a4584d48ee02a23b</split:account>
    </trn:split>
  </trn:splits>
</gnc:transaction>
<gnc:transaction version="2.0.0">
  <trn:id type="guid">179dc6bc7ebd586a4be6bcc26d3c8939</trn:id>
  <trn:currency>
    <cmdty:space>CURRENCY</cmdty:space>
    <cmdty:id>BRL</cmdty:id>
  </trn:currency>
  <trn:date-posted>
    <ts:date>2017-01-05 08:59:00 -0200</ts:date>
  </trn:date-posted>
  <trn:date-entered>
    <ts:date>2017-01-09 22:24:53 -0200</ts:date>
  </trn:date-entered>
  <trn:description>RSHOP-SUPERMERCAD-05/01</trn:description>
  <trn:slots>
    <slot>
      <slot:key>date-posted</slot:key>
      <slot:value type="gdate">
        <gdate>2017-01-05</gdate>
      </slot:value>
    </slot>
  </trn:slots>
  <trn:splits>
    <trn:split>
      <split:id type="guid">674ca030df0c87859ac42b4693c65e05</split:id>
      <split:reconciled-state>n</split:reconciled-state>
      <split:value>2732/100</split:value>
      <split:quantity>2732/100</split:quantity>
      <split:account type="guid">e3614b563f2d675a652123806e017dd0</split:account>
    </trn:split>
    <trn:split>
      <split:id type="guid">3f38ff07b48d17f73d53760757dccec4</split:id>
      <split:reconciled-state>c</split:reconciled-state>
      <split:reconcile-date>
        <ts:date>2017-01-09 22:24:53 -0200</ts:date>
      </split:reconcile-date>
      <split:value>-2732/100</split:value>
      <split:quantity>-2732/100</split:quantity>
      <split:account type="guid">f8b2bde024e5815d994c4d14990fcb2b</split:account>
    </trn:split>
  </trn:splits>
</gnc:transaction>
<gnc:transaction version="2.0.0">
  <trn:id type="guid">fbec854a78d81ec6d473f4fc4ae58446</trn:id>
  <trn:currency>
    <cmdty:space>CURRENCY</cmdty:space>
    <cmdty:id>BRL</cmdty:id>
  </trn:currency>
  <trn:date-posted>
    <ts:date>2017-01-07 08:59:00 -0200</ts:date>
  </trn:date-posted>
  <trn:date-entered>
    <ts:date>2017-01-09 22:24:53 -0200</ts:date>
  </trn:date-entered>
  <trn:description>RSHOP-FAMA BATATA-07/01</trn:description>
  <trn:slots>
    <slot>
      <slot:key>date-posted</slot:key>
      <slot:value type="gdate">
        <gdate>2017-01-07</gdate>
      </slot:value>
    </slot>
  </trn:slots>
  <trn:splits>
    <trn:split>
      <split:id type="guid">820aec03a002a6723e954ee7ee3c7848</split:id>
      <split:reconciled-state>n</split:reconciled-state>
      <split:value>4380/100</split:value>
      <split:quantity>4380/100</split:quantity>
      <split:account type="guid">1e7ae630da5dabffc78a02eea17fc223</split:account>
    </trn:split>
    <trn:split>
      <split:id type="guid">3c4f974f1548fd5097b670a9af1cd594</split:id>
      <split:reconciled-state>c</split:reconciled-state>
      <split:reconcile-date>
        <ts:date>2017-01-09 22:24:53 -0200</ts:date>
      </split:reconcile-date>
      <split:value>-4380/100</split:value>
      <split:quantity>-4380/100</split:quantity>
      <split:account type="guid">f8b2bde024e5815d994c4d14990fcb2b</split:account>
    </trn:split>
  </trn:splits>
</gnc:transaction>
<gnc:transaction version="2.0.0">
  <trn:id type="guid">7649bed096a9441a78a634ca9589e9cc</trn:id>
  <trn:currency>
    <cmdty:space>CURRENCY</cmdty:space>
    <cmdty:id>BRL</cmdty:id>
  </trn:currency>
  <trn:date-posted>
    <ts:date>2017-01-09 08:59:00 -0200</ts:date>
  </trn:date-posted>
  <trn:date-entered>
    <ts:date>2017-01-09 23:30:03 -0200</ts:date>
  </trn:date-entered>
  <trn:description>RSHOP-EDIMONS CAF-09/01</trn:description>
  <trn:slots>
    <slot>
      <slot:key>date-posted</slot:key>
      <slot:value type="gdate">
        <gdate>2017-01-09</gdate>
      </slot:value>
    </slot>
  </trn:slots>
  <trn:splits>
    <trn:split>
      <split:id type="guid">8f2b72c3970037ff26cf4a74815fdb3e</split:id>
      <split:reconciled-state>n</split:reconciled-state>
      <split:value>1028/100</split:value>
      <split:quantity>1028/100</split:quantity>
      <split:account type="guid">ca66310fd5447a1f5126346d1ac4663f</split:account>
    </trn:split>
    <trn:split>
      <split:id type="guid">8de1c93da73d57928efe83a17523be93</split:id>
      <split:reconciled-state>n</split:reconciled-state>
      <split:value>-1028/100</split:value>
      <split:quantity>-1028/100</split:quantity>
      <split:account type="guid">f8b2bde024e5815d994c4d14990fcb2b</split:account>
    </trn:split>
  </trn:splits>
</gnc:transaction>
<gnc:transaction version="2.0.0">
  <trn:id type="guid">1b7d00b6dd5c5ccc78792d2a5acb0ec4</trn:id>
  <trn:currency>
    <cmdty:space>CURRENCY</cmdty:space>
    <cmdty:id>BRL</cmdty:id>
  </trn:currency>
  <trn:date-posted>
    <ts:date>2017-01-09 08:59:00 -0200</ts:date>
  </trn:date-posted>
  <trn:date-entered>
    <ts:date>2017-01-09 23:34:03 -0200</ts:date>
  </trn:date-entered>
  <trn:description>DA CPFL PIR 10026623838</trn:description>
  <trn:slots>
    <slot>
      <slot:key>date-posted</slot:key>
      <slot:value type="gdate">
        <gdate>2017-01-09</gdate>
      </slot:value>
    </slot>
  </trn:slots>
  <trn:splits>
    <trn:split>
      <split:id type="guid">30963b5fbe99ad3c62bcc81bf09e1195</split:id>
      <split:reconciled-state>n</split:reconciled-state>
      <split:value>5750/100</split:value>
      <split:quantity>5750/100</split:quantity>
      <split:account type="guid">04d0fef3655b89459bdc92fd34fed77e</split:account>
    </trn:split>
    <trn:split>
      <split:id type="guid">e510a87e3859700c837a7db4c7d30ae4</split:id>
      <split:reconciled-state>n</split:reconciled-state>
      <split:value>-5750/100</split:value>
      <split:quantity>-5750/100</split:quantity>
      <split:account type="guid">f8b2bde024e5815d994c4d14990fcb2b</split:account>
    </trn:split>
  </trn:splits>
</gnc:transaction>
<gnc:transaction version="2.0.0">
  <trn:id type="guid">b162496ec817591e8bd073c2603c72b6</trn:id>
  <trn:currency>
    <cmdty:space>CURRENCY</cmdty:space>
    <cmdty:id>BRL</cmdty:id>
  </trn:currency>
  <trn:date-posted>
    <ts:date>2017-01-09 08:59:00 -0200</ts:date>
  </trn:date-posted>
  <trn:date-entered>
    <ts:date>2017-01-09 23:34:32 -0200</ts:date>
  </trn:date-entered>
  <trn:description>DA CPFL PIR 10026827298</trn:description>
  <trn:slots>
    <slot>
      <slot:key>date-posted</slot:key>
      <slot:value type="gdate">
        <gdate>2017-01-09</gdate>
      </slot:value>
    </slot>
  </trn:slots>
  <trn:splits>
    <trn:split>
      <split:id type="guid">80425014f9dbe329b9a35a264066628e</split:id>
      <split:reconciled-state>n</split:reconciled-state>
      <split:value>5149/100</split:value>
      <split:quantity>5149/100</split:quantity>
      <split:account type="guid">04d0fef3655b89459bdc92fd34fed77e</split:account>
    </trn:split>
    <trn:split>
      <split:id type="guid">299fa7ed5d0751f4e0d848cfdae08a7f</split:id>
      <split:reconciled-state>n</split:reconciled-state>
      <split:value>-5149/100</split:value>
      <split:quantity>-5149/100</split:quantity>
      <split:account type="guid">f8b2bde024e5815d994c4d14990fcb2b</split:account>
    </trn:split>
  </trn:splits>
</gnc:transaction>
<gnc:transaction version="2.0.0">
  <trn:id type="guid">1847cef9f644a1b5c11c300a70dfdef3</trn:id>
  <trn:currency>
    <cmdty:space>CURRENCY</cmdty:space>
    <cmdty:id>BRL</cmdty:id>
  </trn:currency>
  <trn:date-posted>
    <ts:date>2017-01-10 08:59:00 -0200</ts:date>
  </trn:date-posted>
  <trn:date-entered>
    <ts:date>2017-01-09 23:35:20 -0200</ts:date>
  </trn:date-entered>
  <trn:description>Condominium Fee MSR VE19</trn:description>
  <trn:slots>
    <slot>
      <slot:key>date-posted</slot:key>
      <slot:value type="gdate">
        <gdate>2017-01-10</gdate>
      </slot:value>
    </slot>
  </trn:slots>
  <trn:splits>
    <trn:split>
      <split:id type="guid">e71b3ad7dc5ac5f1c036ade63c62c4d9</split:id>
      <split:reconciled-state>n</split:reconciled-state>
      <split:value>2540/100</split:value>
      <split:quantity>2540/100</split:quantity>
      <split:account type="guid">26fa78bf55c572d944352302c8310692</split:account>
    </trn:split>
    <trn:split>
      <split:id type="guid">cb3e846d7a30deea2b343e40f687c0c5</split:id>
      <split:reconciled-state>n</split:reconciled-state>
      <split:value>-2540/100</split:value>
      <split:quantity>-2540/100</split:quantity>
      <split:account type="guid">f8b2bde024e5815d994c4d14990fcb2b</split:account>
    </trn:split>
  </trn:splits>
</gnc:transaction>
<gnc:transaction version="2.0.0">
  <trn:id type="guid">ed978446118bc42b1f5fad326b444ff2</trn:id>
  <trn:currency>
    <cmdty:space>CURRENCY</cmdty:space>
    <cmdty:id>BRL</cmdty:id>
  </trn:currency>
  <trn:date-posted>
    <ts:date>2017-01-10 08:59:00 -0200</ts:date>
  </trn:date-posted>
  <trn:date-entered>
    <ts:date>2017-01-09 23:35:43 -0200</ts:date>
  </trn:date-entered>
  <trn:description>Condominium Fee MSR C012</trn:description>
  <trn:slots>
    <slot>
      <slot:key>date-posted</slot:key>
      <slot:value type="gdate">
        <gdate>2017-01-10</gdate>
      </slot:value>
    </slot>
    <slot>
      <slot:key>notes</slot:key>
      <slot:value type="string"></slot:value>
    </slot>
  </trn:slots>
  <trn:splits>
    <trn:split>
      <split:id type="guid">65deeeedc6d26396a79d6fdd2da0d0a0</split:id>
      <split:reconciled-state>n</split:reconciled-state>
      <split:value>4286/100</split:value>
      <split:quantity>4286/100</split:quantity>
      <split:account type="guid">26fa78bf55c572d944352302c8310692</split:account>
    </trn:split>
    <trn:split>
      <split:id type="guid">ced065a53ebc8ec491e1b6873b5b6e58</split:id>
      <split:reconciled-state>n</split:reconciled-state>
      <split:value>-4286/100</split:value>
      <split:quantity>-4286/100</split:quantity>
      <split:account type="guid">f8b2bde024e5815d994c4d14990fcb2b</split:account>
    </trn:split>
  </trn:splits>
</gnc:transaction>
<gnc:transaction version="2.0.0">
  <trn:id type="guid">ac57bd5bf7b01160a220b95ee7e2db0b</trn:id>
  <trn:currency>
    <cmdty:space>CURRENCY</cmdty:space>
    <cmdty:id>BRL</cmdty:id>
  </trn:currency>
  <trn:date-posted>
    <ts:date>2017-01-10 08:59:00 -0200</ts:date>
  </trn:date-posted>
  <trn:date-entered>
    <ts:date>2017-01-10 16:47:04 -0200</ts:date>
  </trn:date-entered>
  <trn:description>RSHOP-EDIMONS CAF-10/01</trn:description>
  <trn:slots>
    <slot>
      <slot:key>date-posted</slot:key>
      <slot:value type="gdate">
        <gdate>2017-01-10</gdate>
      </slot:value>
    </slot>
  </trn:slots>
  <trn:splits>
    <trn:split>
      <split:id type="guid">c96f40f582b7a65ceb84f8187b222138</split:id>
      <split:reconciled-state>n</split:reconciled-state>
      <split:value>1747/100</split:value>
      <split:quantity>1747/100</split:quantity>
      <split:account type="guid">ca66310fd5447a1f5126346d1ac4663f</split:account>
    </trn:split>
    <trn:split>
      <split:id type="guid">b1ab47456e101dfd4bea53c188141948</split:id>
      <split:reconciled-state>n</split:reconciled-state>
      <split:value>-1747/100</split:value>
      <split:quantity>-1747/100</split:quantity>
      <split:account type="guid">f8b2bde024e5815d994c4d14990fcb2b</split:account>
    </trn:split>
  </trn:splits>
</gnc:transaction>
<gnc:transaction version="2.0.0">
  <trn:id type="guid">d081161eceeb4143c5e03a6e602f1721</trn:id>
  <trn:currency>
    <cmdty:space>CURRENCY</cmdty:space>
    <cmdty:id>BRL</cmdty:id>
  </trn:currency>
  <trn:date-posted>
    <ts:date>2017-01-13 08:59:00 -0200</ts:date>
  </trn:date-posted>
  <trn:date-entered>
    <ts:date>2017-01-09 23:38:16 -0200</ts:date>
  </trn:date-entered>
  <trn:description>NETFLIX</trn:description>
  <trn:slots>
    <slot>
      <slot:key>date-posted</slot:key>
      <slot:value type="gdate">
        <gdate>2017-01-13</gdate>
      </slot:value>
    </slot>
  </trn:slots>
  <trn:splits>
    <trn:split>
      <split:id type="guid">36f5dcefc67c06ca87474fdeab57b69f</split:id>
      <split:reconciled-state>n</split:reconciled-state>
      <split:value>1990/100</split:value>
      <split:quantity>1990/100</split:quantity>
      <split:account type="guid">6851246ba51bb13c8af8b1885428ac15</split:account>
    </trn:split>
    <trn:split>
      <split:id type="guid">ad5d8e10307f3b9bc3c97a4cc1530cca</split:id>
      <split:reconciled-state>n</split:reconciled-state>
      <split:value>-1990/100</split:value>
      <split:quantity>-1990/100</split:quantity>
      <split:account type="guid">f8b2bde024e5815d994c4d14990fcb2b</split:account>
    </trn:split>
  </trn:splits>
</gnc:transaction>
<gnc:transaction version="2.0.0">
  <trn:id type="guid">cce84ab9cdc57c41462d8c01d51c3142</trn:id>
  <trn:currency>
    <cmdty:space>CURRENCY</cmdty:space>
    <cmdty:id>BRL</cmdty:id>
  </trn:currency>
  <trn:date-posted>
    <ts:date>2017-01-16 08:59:00 -0200</ts:date>
  </trn:date-posted>
  <trn:date-entered>
    <ts:date>2017-01-09 23:39:14 -0200</ts:date>
  </trn:date-entered>
  <trn:description>NET ISP MSR C012</trn:description>
  <trn:slots>
    <slot>
      <slot:key>date-posted</slot:key>
      <slot:value type="gdate">
        <gdate>2017-01-16</gdate>
      </slot:value>
    </slot>
  </trn:slots>
  <trn:splits>
    <trn:split>
      <split:id type="guid">84d3bcaf803bb93c81e17565a9bc7228</split:id>
      <split:reconciled-state>n</split:reconciled-state>
      <split:value>3990/100</split:value>
      <split:quantity>3990/100</split:quantity>
      <split:account type="guid">d1c53067c5daef3c2cc6aba008f060a7</split:account>
    </trn:split>
    <trn:split>
      <split:id type="guid">58fcdfc83787370babf30993e5ab2428</split:id>
      <split:reconciled-state>n</split:reconciled-state>
      <split:value>-3990/100</split:value>
      <split:quantity>-3990/100</split:quantity>
      <split:account type="guid">f8b2bde024e5815d994c4d14990fcb2b</split:account>
    </trn:split>
  </trn:splits>
</gnc:transaction>
<gnc:transaction version="2.0.0">
  <trn:id type="guid">645f33f53e7bc47b016a19f7ca1d7b90</trn:id>
  <trn:currency>
    <cmdty:space>CURRENCY</cmdty:space>
    <cmdty:id>BRL</cmdty:id>
  </trn:currency>
  <trn:date-posted>
    <ts:date>2017-01-20 08:59:00 -0200</ts:date>
  </trn:date-posted>
  <trn:date-entered>
    <ts:date>2017-01-09 23:39:51 -0200</ts:date>
  </trn:date-entered>
  <trn:description>NET ISP Baltazar Fernandes</trn:description>
  <trn:slots>
    <slot>
      <slot:key>date-posted</slot:key>
      <slot:value type="gdate">
        <gdate>2017-01-20</gdate>
      </slot:value>
    </slot>
  </trn:slots>
  <trn:splits>
    <trn:split>
      <split:id type="guid">14dc6242c22c448aba2f815be8ab25b9</split:id>
      <split:reconciled-state>n</split:reconciled-state>
      <split:value>2980/100</split:value>
      <split:quantity>2980/100</split:quantity>
      <split:account type="guid">d1c53067c5daef3c2cc6aba008f060a7</split:account>
    </trn:split>
    <trn:split>
      <split:id type="guid">00a6fe531fdab920f3da157e4cb54e82</split:id>
      <split:reconciled-state>n</split:reconciled-state>
      <split:value>-2980/100</split:value>
      <split:quantity>-2980/100</split:quantity>
      <split:account type="guid">f8b2bde024e5815d994c4d14990fcb2b</split:account>
    </trn:split>
  </trn:splits>
</gnc:transaction>
<gnc:transaction version="2.0.0">
  <trn:id type="guid">05a903e1a263b900d1a27da54bec8812</trn:id>
  <trn:currency>
    <cmdty:space>CURRENCY</cmdty:space>
    <cmdty:id>BRL</cmdty:id>
  </trn:currency>
  <trn:date-posted>
    <ts:date>2017-01-24 08:59:00 -0200</ts:date>
  </trn:date-posted>
  <trn:date-entered>
    <ts:date>2017-01-09 23:41:30 -0200</ts:date>
  </trn:date-entered>
  <trn:description>Mortgage MSR C012</trn:description>
  <trn:slots>
    <slot>
      <slot:key>date-posted</slot:key>
      <slot:value type="gdate">
        <gdate>2017-01-24</gdate>
      </slot:value>
    </slot>
  </trn:slots>
  <trn:splits>
    <trn:split>
      <split:id type="guid">499f63291a76d3cb6500c94c42060c18</split:id>
      <split:reconciled-state>n</split:reconciled-state>
      <split:value>24357/100</split:value>
      <split:quantity>24357/100</split:quantity>
      <split:account type="guid">57e63e3a151a724ba0a1ea326c08e1ac</split:account>
    </trn:split>
    <trn:split>
      <split:id type="guid">c4a9c7e6284f2e308a8d2943ea5ff792</split:id>
      <split:reconciled-state>n</split:reconciled-state>
      <split:value>-24357/100</split:value>
      <split:quantity>-24357/100</split:quantity>
      <split:account type="guid">f8b2bde024e5815d994c4d14990fcb2b</split:account>
    </trn:split>
  </trn:splits>
</gnc:transaction>
<gnc:transaction version="2.0.0">
  <trn:id type="guid">55290eb85cb53f345a1ac6acc24850d0</trn:id>
  <trn:currency>
    <cmdty:space>CURRENCY</cmdty:space>
    <cmdty:id>BRL</cmdty:id>
  </trn:currency>
  <trn:date-posted>
    <ts:date>2017-01-25 08:59:00 -0200</ts:date>
  </trn:date-posted>
  <trn:date-entered>
    <ts:date>2017-01-09 23:45:55 -0200</ts:date>
  </trn:date-entered>
  <trn:description>HAVAN</trn:description>
  <trn:slots>
    <slot>
      <slot:key>date-posted</slot:key>
      <slot:value type="gdate">
        <gdate>2017-01-25</gdate>
      </slot:value>
    </slot>
  </trn:slots>
  <trn:splits>
    <trn:split>
      <split:id type="guid">921f0384e274bceaf487de80a467feff</split:id>
      <split:reconciled-state>n</split:reconciled-state>
      <split:value>3798/100</split:value>
      <split:quantity>3798/100</split:quantity>
      <split:account type="guid">57e63e3a151a724ba0a1ea326c08e1ac</split:account>
    </trn:split>
    <trn:split>
      <split:id type="guid">64d6961655d37b189df681e21b924e2d</split:id>
      <split:reconciled-state>n</split:reconciled-state>
      <split:value>-3798/100</split:value>
      <split:quantity>-3798/100</split:quantity>
      <split:account type="guid">f8b2bde024e5815d994c4d14990fcb2b</split:account>
    </trn:split>
  </trn:splits>
</gnc:transaction>
<gnc:transaction version="2.0.0">
  <trn:id type="guid">7eaa9ec629472bf5d1f19f74cdc17e43</trn:id>
  <trn:currency>
    <cmdty:space>CURRENCY</cmdty:space>
    <cmdty:id>BRL</cmdty:id>
  </trn:currency>
  <trn:date-posted>
    <ts:date>2017-01-01 08:59:00 -0200</ts:date>
  </trn:date-posted>
  <trn:date-entered>
    <ts:date>2017-01-08 15:27:49 -0200</ts:date>
  </trn:date-entered>
  <trn:description>Opening Balances</trn:description>
  <trn:slots>
    <slot>
      <slot:key>date-posted</slot:key>
      <slot:value type="gdate">
        <gdate>2017-01-01</gdate>
      </slot:value>
    </slot>
    <slot>
      <slot:key>notes</slot:key>
      <slot:value type="string"></slot:value>
    </slot>
  </trn:slots>
  <trn:splits>
    <trn:split>
      <split:id type="guid">c904659f2d7c699a09715ccfbd4c166d</split:id>
      <split:reconciled-state>n</split:reconciled-state>
      <split:value>112475/100</split:value>
      <split:quantity>112475/100</split:quantity>
      <split:account type="guid">b35291d7b749a7907b2093f1298d2392</split:account>
    </trn:split>
    <trn:split>
      <split:id type="guid">ea54c0675ff1463b972fa42ebb07bacb</split:id>
      <split:reconciled-state>n</split:reconciled-state>
      <split:value>-112475/100</split:value>
      <split:quantity>-112475/100</split:quantity>
      <split:account type="guid">8319d1a24ebed11d2b9431138d9f49e4</split:account>
    </trn:split>
  </trn:splits>
</gnc:transaction>
</gnc:book>
</gnc-v2>

<!-- Local variables: -->
<!-- mode: xml        -->
<!-- End:             -->
